3114 5446
522 449 720 508 CLAUDIUS.
1081 469 1138 526 ²¹9

113 577 197 646 ribus
223 577 327 670 Appii
352 590 386 645 et
409 575 562 670 deinceps
587 573 790 670 aliquamdiu
817 573 990 646 libertinos
1012 577 1135 666 dirtos,

114 723 171 766 non
200 698 307 791 ipsos,
331 695 390 790 qui
415 695 747 780 manumitterentur,
767 693 825 766 aed
851 696 1011 792 ingenuos
1027 721 1068 768 ex
1084 698 1136 768 his

107 831 308 911 procreatos.
336 813 486 910 collegio
512 829 714 909 quartorum
741 839 802 909 pm
833 829 979 890 stratum
1006 817 1134 888 viarum

113 935 485 1031 gladiatorium'munus
509 915 673 1030 injnnait3
702 934 917 1031 detractaque
941 919 1077 1009 ostiensi
1102 954 1136 1008 et

114 1054 225 1152 grllica
241 1055 429 1150 provincia,
448 1077 563 1126 curam
577 1055 686 1130 erarii
705 1057 842 1126 Saturni
858 1055 1019 1142 reddidit,
1037 1081 1136 1151 quem

114 1174 216 1244 medio
231 1189 382 1271 tempore
397 1191 569 1270 pretores,
586 1189 662 1264 aut,
683 1177 733 1246 uti
747 1199 853 1264 nune,
870 1191 1013 1270 praetura
1031 1177 1136 1246 functi

113 1294 344 1366 sustinuerant.
364 1293 592 1388 Triumphalia
608 1309 802 1366 ornamenta
822 1293 952 1388 Sileno,
979 1295 1053 1367 lilia
1071 1321 1138 1368 sue

113 1439 246 1508 sponso,
264 1411 412 1485 nondum
427 1413 546 1508 puberi
554 1413 667 1502 dedit,
685 1414 866 1508 majoribus
883 1439 960 1486 vero
976 1419 1056 1486 natu
1070 1433 1138 1488 tam

113 1532 239 1622 multis,
258 1549 392 1628 tamque
412 1531 525 1622 facile,
546 1549 584 1604 ut
606 1532 744 1628 epistola
764 1536 948 1605 eommunis
973 1535 1141 1631 legionum

113 1656 243 1724 nomine
261 1654 439 1740 exstiterit,
464 1655 667 1748 petentium,
690 1668 757 1724 «ut
776 1652 891 1750 legatie
912 1654 1141 1728 consularibus

112 1773 206 1845 omui
223 1798 303 1844 oum
317 1773 463 1862 exercitu
478 1786 512 1842 et
527 1771 739 1868 triumphalia
754 1772 931 1860 darentur,
949 1799 992 1844 ne
1007 1799 1141 1848 eausam

113 1893 184 1964 belli
204 1917 343 1988 quoquo
361 1891 460 1962 modo
481 1871 707 1986 quererent»
731 1895 771 1964 A.
794 1891 925 1963 Plautio
939 1895 1038 1964 etiam
1059 1921 1142 1967 ova·

113 2015 235 2084 uorem
254 2011 415 2098 decrevit3
431 2003 645 2106 ingressoque
653 2011 779 2084 Urbem
786 2013 922 2082 obviam
935 2037 1147 2110 progressus,
1294 2085 1305 2100 .

111 2147 142 2200 et
162 2135 198 2202 in
215 2129 422 2226 Capitolium
442 2131 553 2217 eunti,
574 2143 608 2202 et
631 2130 708 2202 inde
725 2156 840 2204 rursus
857 2134 1143 2206 revertenti‘latur

113 2252 203 2322 texit.
222 2250 369 2322 Gabinio
386 2249 554 2338 Secundo,
574 2250 845 2346 chaucis,genre
865 2257 1068 2346 gmmnniea,
1083 2281 1141 2325 su·

113 2371 249 2463 peratis,
268 2394 453 2465 cognomen
471 2371 641 2442 mamre
659 2394 818 2466 usurpare
835 2375 1008 2444 concessit.

156 2493 269 2560 XXV.
285 2493 462 2584 Equestres
480 2490 613 2560 militias
629 2487 676 2560 ita
690 2489 873 2580 ordinarit,
887 2505 925 2561 ut
937 2507 1014 2587 post
1025 2494 1142 2564 cultor·
1252 2517 1264 2526 ‘

112 2624 195 2698 tem,
213 2609 324 2696 alam;
343 2623 417 2704 post
436 2607 540 2697 mam,
560 2609 764 2682 tribunatum
782 2608 923 2704 legionis
941 2611 1057 2684 daret:
1082 2617 1142 2690 sti·

112 2730 302 2824 pendiaque
318 2729 480 2818 instituit,
497 2742 530 2798 et
544 2729 747 2824 imaginarie
768 2728 893 2800 militiae
909 2754 1032 2826 genus,
1051 2734 1142 2826 quod

112 2865 252 2920 vocatur
272 2871 379 2945 snpra
391 2871 565 2938 numerum
573 2900 585 2934 ,
608 2873 675 2942 quo
692 2847 862 2934 absentee,
880 2864 914 2920 et
930 2849 1028 2920 titulo
1045 2865 1143 2922 tenus

111 2969 341 3065 fringerentur.
367 2965 490 3038 Milites
509 2967 628 3042 domim
650 2969 830 3038 senatorias
854 2967 1019 3040 salutandi
1046 2995 1143 3040 eausa

110 3087 259 3184 ingredi,
286 3089 384 3156 etiam
411 3101 543 3180 patrum
569 3086 699 3156 decreto
723 3088 901 3182 prohibuit.
935 3089 1144 3172 Libertinos,

110 3209 169 3299 qui
184 3231 221 3276 se
232 3231 296 3302 pro
311 3207 477 3299 equitibus
491 3207 636 3278 romanis
648 3222 801 3303 agerent,
813 3206 1004 3302 publicarit.
1027 3213 1144 3306 Ingra-

110 3341 180 3413 tos,
196 3340 229 3394 et
247 3326 425 3418 dequibus
441 3327 571 3420 patrum
588 3341 816 3419 quererentur,
832 3331 999 3398 revocavit
1020 3329 1054 3398 in
1073 3354 1145 3398 ser·

110 3445 273 3532 vitutem3
295 3444 525 3538 advocatisque
549 3469 664 3516 eorum
687 3449 838 3541 negarit,
865 3471 900 3518 ee
922 3447 1083 3518 adversus
1105 3447 1146 3517 li-

108 3564 226 3633 bertos
251 3565 399 3658 ipsorum
422 3565 476 3658 jus
501 3564 677 3651 dicturum.
707 3567 821 3654 Quum
840 3565 975 3660 quidam
1002 3591 1089 3662 aegra
1113 3581 1148 3636 et

106 3683 234 3752 allecta
259 3685 424 3777 mancipia
452 3684 486 3752 in
511 3681 653 3754 insulam
671 3683 847 3781 AEseulapii
872 3685 971 3756 tredio
993 3685 1146 3756 medendi

102 3818 334 3897 exponerent,
345 3827 469 3888 omnes,
480 3805 537 3897 qui
547 3820 801 3897 exponerentur,
816 3805 937 3876 liberos
947 3807 1146 3892 eesesunxit,

104 3947 172 3992 nec
197 3922 304 3992 redire
325 3924 536 3992 inditionem
557 3924 697 4008 domiui,
723 3927 749 3994 si
772 3925 1031 3996 convaluissent:
1054 3925 1144 4019 quod

104 4045 132 4110 si
152 4042 237 4135 quis
255 4066 370 4110 necare
385 4067 483 4136 quem
501 4041 625 4132 mallet,
653 4069 752 4136 quem
770 4067 947 4138 exponere,
962 4043 1058 4114 cedis
1083 4046 1145 4113 cri·
