3098 5446
542 529 677 584 GALBA.
691 575 694 584 ,
1104 532 1137 587 rs

98 679 159 722 non
178 651 278 748 longe
300 675 509 748 percussores
527 654 651 722 abesse.
667 651 771 722 Haud
793 651 900 722 multo
917 669 994 749 post
1015 681 1138 751 cogno·
1203 667 1209 684 ‘

97 776 173 860 scit,
195 774 300 842 teneri
321 789 430 842 castra
450 773 492 842 ab
517 774 678 844 Othone:
698 798 736 842 ac
753 771 941 867 plerisque,
961 791 997 844 ut
1019 776 1136 846 eodeni

94 901 338 987 quamprimum
363 909 533 988 pergeret,
552 893 767 962 suadentibus
782 893 898 988 (posse
913 896 1003 964 enim
1024 911 1137 966 aucto-

93 1017 189 1084 ritate
212 1031 246 1084 et
274 1016 449 1110 presentia
480 1013 697 1109 praevalere),
729 1013 812 1082 nihil
845 1013 1009 1111 amplius,
1037 1041 1137 1110 quam

94 1136 264 1203 continere
282 1138 344 1220 se,
367 1135 503 1221 statuit,
526 1148 560 1202 et
586 1132 846 1229 legionariorum
869 1133 1001 1204 firmare
1024 1137 1137 1230 praesi-

92 1251 174 1339 diis,
194 1255 252 1346 qui
270 1251 484 1322 multifariam
502 1251 697 1346 diverseque
714 1253 906 1322 tendebant.
922 1255 1076 1323 Loricam
1091 1271 1139 1324 ta·

93 1398 169 1440 men
191 1373 300 1442 induit
323 1372 479 1458 linteam,
502 1397 705 1466 quamquam
723 1373 811 1442 haud
830 1372 1062 1460 dissimulans,
1081 1399 1138 1470 pa·
1181 1459 1187 1470 ,

93 1517 167 1562 rum
191 1479 347 1562 adversus
368 1507 417 1562 tot
440 1517 616 1561 mucrones
638 1491 859 1587 profuturam.
884 1493 949 1562 Sed
972 1509 1136 1564 extractus

94 1615 284 1683 rumoribus
302 1613 409 1700 falsis,
429 1637 513 1706 quos
531 1615 728 1706 conspirati,
750 1627 787 1682 ut
809 1639 885 1682 eum
909 1616 943 1682 in
965 1613 1137 1708 publicum

95 1733 267 1822 elicerent,
286 1733 326 1804 de
349 1733 513 1803 industria
532 1734 749 1828 dissiparant,
767 1736 883 1828 paucis
907 1750 1029 1806 temere
1048 1735 1139 1804 affir-

93 1856 281 1943 mantibus,
301 1869 504 1924 transactum
528 1855 722 1950 negotium,
742 1879 917 1949 oppressos
937 1856 1002 1948 qui.
1015 1853 1138 1924 tumul·
1183 1905 1188 1914 ·

94 1983 279 2064 tuarentur',
292 1975 448 2044 advenire
466 1951 654 2068 frequentes
669 1989 795 2044 ceteros
813 1973 1091 2068 gratulabundos,
1105 1990 1140 2046 et

93 2100 126 2166 in
143 2123 244 2166 omne
264 2097 463 2190 obsequium
480 2111 632 2190 paratos;
654 2097 706 2164 his
728 2113 764 2164 ut
784 2112 991 2186 occurreret,
1012 2097 1138 2192 prodiit
1199 2149 1203 2156 -
1265 2089 1267 2096 ¹

94 2231 185 2286 tanta
204 2216 341 2305 fiducia,
360 2233 397 2286 ut
414 2215 512 2284 militi
529 2216 676 2304 cuidam,
697 2218 843 2286 occisum
863 2242 882 2286 a
899 2242 933 2286 se
951 2219 1134 2304 Othonem,

93 2337 268 2427 glorianti,
284 2338 388 2426 «Quo
400 2350 534 2406 auctore
545 2335 587 2403 1»
603 2336 810 2430 responderit
827 2352 949 2431 :atque
967 2339 1001 2406 in
1015 2343 1137 2408 Forum

94 2483 200 2550 usque
214 2457 384 2551 processit.
399 2457 452 2526 lbi
465 2457 606 2550 equites,
619 2457 740 2550 quibus
754 2456 911 2526 mandata
929 2457 1033 2527 cades
1051 2475 1138 2544 erat,

93 2603 196 2671 quum
222 2602 283 2672 per
306 2575 498 2672 publicum,
517 2575 641 2646 dimota
664 2601 871 2672 paganorum
896 2577 1016 2664 turba,
1036 2603 1139 2672 equos

92 2697 300 2794 adegissent,
319 2700 390 2766 vis'o
408 2696 526 2792 procul
546 2723 604 2786 eo,
624 2697 1014 2792 parumperrestiteruut
1033 2723 1041 2766 ε
1061 2697 1137 2766 dein

92 2843 226 2888 rursum
245 2819 394 2904 incitati,
414 2819 581 2887 desertum
601 2843 620 2886 a
640 2819 707 2887 suis
724 2816 1011 2887 contrucidarunt.

141 2943 218 3010 XX.
232 2942 336 3026 Sunt,
354 2939 412 3031 qui
432 2939 584 3027 tradant,
601 2939 642 3006 ad
656 2940 801 3032 primum
821 2936 1002 3006 tumultum
1012 2935 1141 3031 procla·

91 3085 200 3130 masse
225 3085 321 3147 eum,
348 3057 465 3148 «Quid
494 3061 612 3154 agitis,
640 3057 912 3128 commilitones?
941 3082 1003 3152 ego
1030 3071 1140 3129 vester

90 3207 189 3266 sum,
207 3197 241 3250 et
265 3206 324 3250 vos
342 3181 406 3249 mei
417 3206 456 3266 3»
474 3171 668 3249 donativum
688 3181 787 3248 etiam
804 3177 1003 3274 pollicitum.
1024 3176 1139 3248 Plures

11 3299 14 3304 ’
88 3316 204 3370 autem
233 3299 474 3394 prodiderunt,
496 3299 656 3368 obtulisse
686 3298 775 3368 ultro
795 3299 972 3394 jugulum,
996 3313 1047 3384 et,
1072 3313 1141 3367 eut

88 3421 157 3490 boc
174 3435 328 3515 agerent,
346 3445 385 3488 ac
402 3419 558 3506 ferirent,
575 3418 710 3513 quando
732 3421 777 3488 ita
796 3419 1005 3506 videretur,»
1029 3419 1140 3487 horta-

88 3555 176 3608 tum.
195 3539 283 3610 lllud
306 3541 428 3610 mirum
451 3538 632 3608 admodum
655 3539 773 3623 fuerit,
794 3565 901 3633 neque
926 3535 1139 3633 praesentium

85 3685 293 3754 quemquam
315 3685 414 3755 opem
442 3661 635 3752 imperatori
659 3659 744 3728 serre
764 3674 944 3744 conatum;
966 3673 998 3727 et
1024 3682 1140 3725 omnes

86 3781 151 3872 qui
171 3759 417 3849 arcesserentur
440 3767 602 3873 sprevisse
618 3781 796 3867 nuncium,
812 3795 950 3873 excepta
966 3777 1141 3848 Germani·

85 3902 266 3969 cianorum
286 3897 507 3969 vexillatione.
522 3901 583 3984 lli,
604 3901 647 3968 ob
667 3925 781 3968 recens
803 3902 976 3985 meritum,
997 3896 1086 3990 quod
1106 3921 1141 3964 se

82 4045 201 4114 aegros
215 4035 246 4090 et
263 4019 427 4090 invalidos
439 4045 561 4115 magno
576 4045 675 4114 opere
692 4020 844 4106 fovisset,
859 4022 893 4088 in
911 4017 1072 4087 auxilium
1087 4015 1143 4085 ad·

84 4138 318 4210 volaverunt:
337 4141 393 4210 sed
418 4141 544 4226 serius,
570 4143 687 4210 itinere
712 4142 808 4210 devio
833 4165 891 4235 per
918 4139 1142 4234 ignorantiam
