<?xml version="1.0" encoding="UTF-8"?>
<!DOCTYPE html PUBLIC "-//W3C//DTD XHTML 1.0 Transitional//EN"
    "http://www.w3.org/TR/xhtml1/DTD/xhtml1-transitional.dtd">
<html xmlns="http://www.w3.org/1999/xhtml" xml:lang="en" lang="en">
 <head>
  <title>
</title>
<meta http-equiv="Content-Type" content="text/html;charset=utf-8" />
  <meta name='ocr-system' content='tesseract 3.04.00' />
  <meta name='ocr-capabilities' content='ocr_page ocr_carea ocr_par ocr_line ocrx_word'/>
</head>
<body>
  <div class='ocr_page' id='page_1' title='image "./caiisuetonitran00grosgoog_0200.png"; bbox 0 0 3114 5446; ppageno 0'>
   <div class='ocr_carea' id='block_1_1' title="bbox 520 441 1126 518">
    <p class='ocr_par' dir='ltr' id='par_1_1' title="bbox 520 441 1126 518">
     <span class='ocr_line' id='line_1_1' title="bbox 520 441 1126 518; baseline 0.01 -22"><span class='ocrx_word' id='word_1_1' title='bbox 520 441 715 497; x_wconf 78' lang='lat' dir='ltr'><strong>CALIGULA.</strong></span> <span class='ocrx_word' id='word_1_2' title='bbox 1076 465 1126 518; x_wconf 78' lang='lat'><strong>171</strong></span> 
     </span>
    </p>
   </div>
   <div class='ocr_carea' id='block_1_2' title="bbox 99 563 1145 4113">
    <p class='ocr_par' dir='ltr' id='par_1_2' title="bbox 121 563 1135 1588">
     <span class='ocr_line' id='line_1_2' title="bbox 123 563 1131 661; baseline 0.001 -22"><span class='ocrx_word' id='word_1_3' title='bbox 123 591 263 661; x_wconf 85' lang='lat' dir='ltr'><strong>numque,</strong></span> <span class='ocrx_word' id='word_1_4' title='bbox 284 567 312 634; x_wconf 87' lang='lat' dir='ltr'><strong>si</strong></span> <span class='ocrx_word' id='word_1_5' title='bbox 332 589 398 660; x_wconf 86' lang='lat' dir='ltr'><strong>qna</strong></span> <span class='ocrx_word' id='word_1_6' title='bbox 424 563 554 634; x_wconf 87' lang='lat' dir='ltr'><strong>residua</strong></span> <span class='ocrx_word' id='word_1_7' title='bbox 575 591 614 633; x_wconf 83' lang='lat' dir='ltr'><strong>ex</strong></span> <span class='ocrx_word' id='word_1_8' title='bbox 639 566 748 659; x_wconf 89' lang='lat' dir='ltr'><strong>priore</strong></span> <span class='ocrx_word' id='word_1_9' title='bbox 774 581 921 660; x_wconf 88' lang='lat' dir='ltr'><strong>tempore</strong></span> <span class='ocrx_word' id='word_1_10' title='bbox 940 567 1131 657; x_wconf 86' lang='lat' dir='ltr'><strong>manebant,</strong></span> 
     </span>
     <span class='ocr_line' id='line_1_3' title="bbox 122 682 1132 781; baseline 0.001 -24"><span class='ocrx_word' id='word_1_11' title='bbox 122 689 251 758; x_wconf 90' lang='lat' dir='ltr'><strong>omnium</strong></span> <span class='ocrx_word' id='word_1_12' title='bbox 280 686 421 781; x_wconf 78' lang='lat' dir='ltr'><strong>gratiam</strong></span> <span class='ocrx_word' id='word_1_13' title='bbox 446 682 532 754; x_wconf 82' lang='lat' dir='ltr'><strong>fecit.</strong></span> <span class='ocrx_word' id='word_1_14' title='bbox 558 684 839 770; x_wconf 80' lang='lat' dir='ltr'><strong>Commentarios,</strong></span> <span class='ocrx_word' id='word_1_15' title='bbox 866 685 909 756; x_wconf 88' lang='lat' dir='ltr'><strong>ad</strong></span> <span class='ocrx_word' id='word_1_16' title='bbox 931 689 1044 757; x_wconf 88' lang='lat' dir='ltr'><strong>matris</strong></span> <span class='ocrx_word' id='word_1_17' title='bbox 1066 689 1132 758; x_wconf 85' lang='lat' dir='ltr'><strong>fra·</strong></span> 
     </span>
     <span class='ocr_line' id='line_1_4' title="bbox 122 804 1131 900; baseline 0.001 -24"><span class='ocrx_word' id='word_1_18' title='bbox 122 823 257 900; x_wconf 87' lang='lat' dir='ltr'><strong>trnmque</strong></span> <span class='ocrx_word' id='word_1_19' title='bbox 271 829 409 874; x_wconf 90' lang='lat' dir='ltr'><strong>suorum</strong></span> <span class='ocrx_word' id='word_1_20' title='bbox 428 827 541 872; x_wconf 86' lang='lat' dir='ltr'><strong>causas</strong></span> <span class='ocrx_word' id='word_1_21' title='bbox 556 804 774 896; x_wconf 79' lang='lat' dir='ltr'><strong>pertinentes,</strong></span> <span class='ocrx_word' id='word_1_22' title='bbox 791 829 834 872; x_wconf 89' lang='lat' dir='ltr'><strong>ne</strong></span> <span class='ocrx_word' id='word_1_23' title='bbox 851 806 905 874; x_wconf 90' lang='lat' dir='ltr'><strong>cui</strong></span> <span class='ocrx_word' id='word_1_24' title='bbox 921 805 1131 900; x_wconf 87' lang='lat' dir='ltr'><strong>postmodum</strong></span> 
     </span>
     <span class='ocr_line' id='line_1_5' title="bbox 123 919 1132 1026; baseline 0.002 -32"><span class='ocrx_word' id='word_1_25' title='bbox 123 927 242 997; x_wconf 86' lang='lat' dir='ltr'><strong>delatori</strong></span> <span class='ocrx_word' id='word_1_26' title='bbox 269 939 330 994; x_wconf 85' lang='lat' dir='ltr'><strong>aut</strong></span> <span class='ocrx_word' id='word_1_27' title='bbox 357 923 431 1026; x_wconf 79' lang='lat' dir='ltr'><strong>testi</strong></span> <span class='ocrx_word' id='word_1_28' title='bbox 455 937 605 990; x_wconf 88' lang='lat' dir='ltr'><strong>maneret</strong></span> <span class='ocrx_word' id='word_1_29' title='bbox 630 919 718 990; x_wconf 92' lang='lat' dir='ltr'><strong>ullus</strong></span> <span class='ocrx_word' id='word_1_30' title='bbox 744 937 871 1012; x_wconf 88' lang='lat' dir='ltr'><strong>metus,</strong></span> <span class='ocrx_word' id='word_1_31' title='bbox 897 941 1073 996; x_wconf 88' lang='lat' dir='ltr'><strong>convectos</strong></span> <span class='ocrx_word' id='word_1_32' title='bbox 1097 927 1132 996; x_wconf 93' lang='lat' dir='ltr'><strong>in</strong></span> 
     </span>
     <span class='ocr_line' id='line_1_6' title="bbox 124 1039 1133 1139; baseline 0 -25"><span class='ocrx_word' id='word_1_33' title='bbox 124 1046 235 1127; x_wconf 79' lang='lat' dir='ltr'><strong>suurn,</strong></span> <span class='ocrx_word' id='word_1_34' title='bbox 257 1058 291 1112; x_wconf 92' lang='lat' dir='ltr'><strong>ct</strong></span> <span class='ocrx_word' id='word_1_35' title='bbox 315 1057 392 1112; x_wconf 90' lang='lat' dir='ltr'><strong>ante</strong></span> <span class='ocrx_word' id='word_1_36' title='bbox 418 1039 505 1110; x_wconf 85' lang='lat' dir='ltr'><strong>clare</strong></span> <span class='ocrx_word' id='word_1_37' title='bbox 531 1041 711 1110; x_wconf 85' lang='lat' dir='ltr'><strong>obtestatus</strong></span> <span class='ocrx_word' id='word_1_38' title='bbox 740 1041 841 1132; x_wconf 90' lang='lat' dir='ltr'><strong>deos,</strong></span> <span class='ocrx_word' id='word_1_39' title='bbox 868 1068 975 1137; x_wconf 88' lang='lat' dir='ltr'><strong>neque</strong></span> <span class='ocrx_word' id='word_1_40' title='bbox 999 1043 1133 1139; x_wconf 83' lang='lat' dir='ltr'><strong>legisse,</strong></span> 
     </span>
     <span class='ocr_line' id='line_1_7' title="bbox 123 1160 1134 1256; baseline 0.001 -24"><span class='ocrx_word' id='word_1_41' title='bbox 123 1189 211 1256; x_wconf 88' lang='lat' dir='ltr'><strong>neque</strong></span> <span class='ocrx_word' id='word_1_42' title='bbox 227 1163 377 1256; x_wconf 78' lang='lat' dir='ltr'><strong>attigisse</strong></span> <span class='ocrx_word' id='word_1_43' title='bbox 392 1162 586 1254; x_wconf 86' lang='lat' dir='ltr'><strong>quicquam,</strong></span> <span class='ocrx_word' id='word_1_44' title='bbox 599 1161 830 1230; x_wconf 79' lang='lat' dir='ltr'><strong>concremavit.</strong></span> <span class='ocrx_word' id='word_1_45' title='bbox 844 1160 1009 1232; x_wconf 85' lang='lat' dir='ltr'><strong>Libellum</strong></span> <span class='ocrx_word' id='word_1_46' title='bbox 1026 1163 1067 1232; x_wconf 88' lang='lat' dir='ltr'><strong>de</strong></span> <span class='ocrx_word' id='word_1_47' title='bbox 1083 1187 1134 1232; x_wconf 87' lang='lat' dir='ltr'><strong>sa-</strong></span> 
     </span>
     <span class='ocr_line' id='line_1_8' title="bbox 123 1279 1134 1373; baseline 0 -23"><span class='ocrx_word' id='word_1_48' title='bbox 123 1283 176 1352; x_wconf 83' lang='lat' dir='ltr'><strong>lute</strong></span> <span class='ocrx_word' id='word_1_49' title='bbox 191 1308 250 1352; x_wconf 87' lang='lat' dir='ltr'><strong>sua</strong></span> <span class='ocrx_word' id='word_1_50' title='bbox 270 1279 422 1350; x_wconf 87' lang='lat' dir='ltr'><strong>oblatum</strong></span> <span class='ocrx_word' id='word_1_51' title='bbox 445 1305 514 1348; x_wconf 93' lang='lat' dir='ltr'><strong>non</strong></span> <span class='ocrx_word' id='word_1_52' title='bbox 535 1280 680 1373; x_wconf 88' lang='lat' dir='ltr'><strong>recepit,</strong></span> <span class='ocrx_word' id='word_1_53' title='bbox 699 1279 919 1369; x_wconf 86' lang='lat' dir='ltr'><strong>contendens,</strong></span> <span class='ocrx_word' id='word_1_54' title='bbox 938 1311 955 1346; x_wconf 77' lang='lat' dir='ltr'><strong>s</strong></span> <span class='ocrx_word' id='word_1_55' title='bbox 970 1280 1053 1354; x_wconf 92' lang='lat' dir='ltr'><strong>nibil</strong></span> <span class='ocrx_word' id='word_1_56' title='bbox 1070 1283 1134 1352; x_wconf 64' lang='lat' dir='ltr'><strong>&#39;sibi</strong></span> 
     </span>
     <span class='ocr_line' id='line_1_9' title="bbox 121 1397 1135 1494; baseline 0.002 -26"><span class='ocrx_word' id='word_1_57' title='bbox 121 1401 305 1488; x_wconf 88' lang='lat' dir='ltr'><strong>admissum,</strong></span> <span class='ocrx_word' id='word_1_58' title='bbox 323 1423 384 1468; x_wconf 90' lang='lat' dir='ltr'><strong>cur</strong></span> <span class='ocrx_word' id='word_1_59' title='bbox 400 1400 553 1490; x_wconf 88' lang='lat' dir='ltr'><strong>cuiquam</strong></span> <span class='ocrx_word' id='word_1_60' title='bbox 569 1397 693 1468; x_wconf 88' lang='lat' dir='ltr'><strong>invisus</strong></span> <span class='ocrx_word' id='word_1_61' title='bbox 713 1411 796 1471; x_wconf 87' lang='lat' dir='ltr'><strong>esset</strong></span> <span class='ocrx_word' id='word_1_62' title='bbox 812 1423 821 1466; x_wconf 80' lang='lat' dir='ltr'><strong>t</strong></span> <span class='ocrx_word' id='word_1_63' title='bbox 835 1427 852 1462; x_wconf 78' lang='lat' dir='ltr'><strong>n</strong></span> <span class='ocrx_word' id='word_1_64' title='bbox 869 1401 1082 1494; x_wconf 86' lang='lat' dir='ltr'><strong>negavitque,</strong></span> <span class='ocrx_word' id='word_1_65' title='bbox 1100 1423 1135 1470; x_wconf 89' lang='lat' dir='ltr'><strong>se</strong></span> 
     </span>
     <span class='ocr_line' id='line_1_10' title="bbox 123 1506 569 1588; baseline -0.009 0"><span class='ocrx_word' id='word_1_66' title='bbox 123 1506 309 1588; x_wconf 74' lang='lat' dir='ltr'><strong>delatoribus</strong></span> <span class='ocrx_word' id='word_1_67' title='bbox 328 1542 422 1586; x_wconf 84' lang='lat' dir='ltr'><strong>aures</strong></span> <span class='ocrx_word' id='word_1_68' title='bbox 440 1517 569 1586; x_wconf 84' lang='lat' dir='ltr'><strong>habere.</strong></span> 
     </span>
    </p>

    <p class='ocr_par' dir='ltr' id='par_1_3' title="bbox 102 1634 1144 3851">
     <span class='ocr_line' id='line_1_11' title="bbox 159 1634 1136 1733; baseline 0.003 -27"><span class='ocrx_word' id='word_1_69' title='bbox 159 1642 244 1706; x_wconf 83' lang='lat' dir='ltr'><strong>xvl.</strong></span> <span class='ocrx_word' id='word_1_70' title='bbox 270 1637 435 1731; x_wconf 86' lang='lat' dir='ltr'><strong>Spintrias</strong></span> <span class='ocrx_word' id='word_1_71' title='bbox 459 1651 718 1706; x_wconf 87' lang='lat' dir='ltr'><strong>monstrosarum</strong></span> <span class='ocrx_word' id='word_1_72' title='bbox 743 1634 939 1726; x_wconf 88' lang='lat' dir='ltr'><strong>libidinum,</strong></span> <span class='ocrx_word' id='word_1_73' title='bbox 962 1663 1068 1733; x_wconf 74' lang='lat' dir='ltr'><strong>aegre,</strong></span> <span class='ocrx_word' id='word_1_74' title='bbox 1094 1665 1136 1710; x_wconf 88' lang='lat' dir='ltr'><strong>ne</strong></span> 
     </span>
     <span class='ocr_line' id='line_1_12' title="bbox 122 1757 1136 1851; baseline 0.004 -26"><span class='ocrx_word' id='word_1_75' title='bbox 122 1757 274 1850; x_wconf 79' lang='lat' dir='ltr'><strong>profundo</strong></span> <span class='ocrx_word' id='word_1_76' title='bbox 293 1771 476 1851; x_wconf 87' lang='lat' dir='ltr'><strong>mergeret,</strong></span> <span class='ocrx_word' id='word_1_77' title='bbox 493 1771 662 1842; x_wconf 85' lang='lat' dir='ltr'><strong>exoratus,</strong></span> <span class='ocrx_word' id='word_1_78' title='bbox 677 1758 769 1826; x_wconf 89' lang='lat' dir='ltr'><strong>Urbe</strong></span> <span class='ocrx_word' id='word_1_79' title='bbox 785 1760 971 1826; x_wconf 85' lang='lat' dir='ltr'><strong>summovit.</strong></span> <span class='ocrx_word' id='word_1_80' title='bbox 988 1761 1053 1828; x_wconf 89' lang='lat' dir='ltr'><strong>Titi</strong></span> <span class='ocrx_word' id='word_1_81' title='bbox 1070 1763 1136 1829; x_wconf 87' lang='lat' dir='ltr'><strong>La·</strong></span> 
     </span>
     <span class='ocr_line' id='line_1_13' title="bbox 121 1874 1136 1974; baseline 0.005 -32"><span class='ocrx_word' id='word_1_82' title='bbox 121 1875 217 1961; x_wconf 84' lang='lat' dir='ltr'><strong>bieui,</strong></span> <span class='ocrx_word' id='word_1_83' title='bbox 239 1874 344 1944; x_wconf 89' lang='lat' dir='ltr'><strong>Cordi</strong></span> <span class='ocrx_word' id='word_1_84' title='bbox 365 1876 546 1974; x_wconf 87' lang='lat' dir='ltr'><strong>Cremutii,</strong></span> <span class='ocrx_word' id='word_1_85' title='bbox 567 1876 672 1944; x_wconf 85' lang='lat' dir='ltr'><strong>Cassii</strong></span> <span class='ocrx_word' id='word_1_86' title='bbox 693 1878 803 1944; x_wconf 79' lang='lat' dir='ltr'><strong>Severi</strong></span> <span class='ocrx_word' id='word_1_87' title='bbox 822 1877 963 1970; x_wconf 87' lang='lat' dir='ltr'><strong>scripta,</strong></span> <span class='ocrx_word' id='word_1_88' title='bbox 987 1893 1136 1948; x_wconf 89' lang='lat' dir='ltr'><strong>senatus·</strong></span> 
     </span>
     <span class='ocr_line' id='line_1_14' title="bbox 121 1992 1138 2091; baseline 0.004 -29"><span class='ocrx_word' id='word_1_89' title='bbox 121 1993 271 2064; x_wconf 85' lang='lat' dir='ltr'><strong>consultis</strong></span> <span class='ocrx_word' id='word_1_90' title='bbox 284 1992 423 2079; x_wconf 84' lang='lat' dir='ltr'><strong>abolita,</strong></span> <span class='ocrx_word' id='word_1_91' title='bbox 435 1995 576 2086; x_wconf 85' lang='lat' dir='ltr'><strong>requiri,</strong></span> <span class='ocrx_word' id='word_1_92' title='bbox 588 2007 622 2064; x_wconf 91' lang='lat' dir='ltr'><strong>et</strong></span> <span class='ocrx_word' id='word_1_93' title='bbox 635 2017 704 2062; x_wconf 87' lang='lat' dir='ltr'><strong>esse</strong></span> <span class='ocrx_word' id='word_1_94' title='bbox 720 1995 754 2062; x_wconf 92' lang='lat' dir='ltr'><strong>in</strong></span> <span class='ocrx_word' id='word_1_95' title='bbox 768 1996 920 2064; x_wconf 86' lang='lat' dir='ltr'><strong>manibus</strong></span> <span class='ocrx_word' id='word_1_96' title='bbox 933 1995 1138 2091; x_wconf 80' lang='lat' dir='ltr'><strong>lectitarique</strong></span> 
     </span>
     <span class='ocr_line' id='line_1_15' title="bbox 119 2114 1138 2210; baseline 0.003 -26"><span class='ocrx_word' id='word_1_97' title='bbox 119 2116 278 2208; x_wconf 84' lang='lat' dir='ltr'><strong>permisit:</strong></span> <span class='ocrx_word' id='word_1_98' title='bbox 292 2114 425 2207; x_wconf 85' lang='lat' dir='ltr'><strong>quando</strong></span> <span class='ocrx_word' id='word_1_99' title='bbox 438 2115 578 2182; x_wconf 86' lang='lat' dir='ltr'><strong>maxime</strong></span> <span class='ocrx_word' id='word_1_100' title='bbox 591 2139 651 2183; x_wconf 88' lang='lat' dir='ltr'><strong>sua</strong></span> <span class='ocrx_word' id='word_1_101' title='bbox 662 2116 847 2200; x_wconf 80' lang='lat' dir='ltr'><strong>interesset,</strong></span> <span class='ocrx_word' id='word_1_102' title='bbox 858 2129 896 2190; x_wconf 91' lang='lat' dir='ltr'><strong>ut</strong></span> <span class='ocrx_word' id='word_1_103' title='bbox 906 2115 992 2186; x_wconf 84' lang='lat' dir='ltr'><strong>lacta</strong></span> <span class='ocrx_word' id='word_1_104' title='bbox 1001 2141 1138 2210; x_wconf 80' lang='lat' dir='ltr'><strong>quaequc</strong></span> 
     </span>
     <span class='ocr_line' id='line_1_16' title="bbox 120 2233 1140 2330; baseline 0.004 -28"><span class='ocrx_word' id='word_1_105' title='bbox 120 2236 250 2325; x_wconf 90' lang='lat' dir='ltr'><strong>posteris</strong></span> <span class='ocrx_word' id='word_1_106' title='bbox 270 2233 454 2304; x_wconf 84' lang='lat' dir='ltr'><strong>tradantur.</strong></span> <span class='ocrx_word' id='word_1_107' title='bbox 473 2235 630 2303; x_wconf 87' lang='lat' dir='ltr'><strong>Rationes</strong></span> <span class='ocrx_word' id='word_1_108' title='bbox 656 2234 806 2326; x_wconf 91' lang='lat' dir='ltr'><strong>imperii,</strong></span> <span class='ocrx_word' id='word_1_109' title='bbox 827 2234 869 2302; x_wconf 90' lang='lat' dir='ltr'><strong>ab</strong></span> <span class='ocrx_word' id='word_1_110' title='bbox 889 2237 1041 2330; x_wconf 83' lang='lat' dir='ltr'><strong>Augusto</strong></span> <span class='ocrx_word' id='word_1_111' title='bbox 1063 2261 1140 2330; x_wconf 91' lang='lat' dir='ltr'><strong>pro·</strong></span> 
     </span>
     <span class='ocr_line' id='line_1_17' title="bbox 118 2351 1140 2446; baseline 0.003 -26"><span class='ocrx_word' id='word_1_112' title='bbox 118 2354 189 2444; x_wconf 91' lang='lat' dir='ltr'><strong>poni</strong></span> <span class='ocrx_word' id='word_1_113' title='bbox 208 2352 344 2438; x_wconf 86' lang='lat' dir='ltr'><strong>solitas,</strong></span> <span class='ocrx_word' id='word_1_114' title='bbox 361 2351 418 2420; x_wconf 88' lang='lat' dir='ltr'><strong>sed</strong></span> <span class='ocrx_word' id='word_1_115' title='bbox 435 2377 454 2420; x_wconf 85' lang='lat' dir='ltr'><strong>a</strong></span> <span class='ocrx_word' id='word_1_116' title='bbox 471 2352 603 2420; x_wconf 82' lang='lat' dir='ltr'><strong>Tiberio</strong></span> <span class='ocrx_word' id='word_1_117' title='bbox 624 2353 844 2440; x_wconf 82' lang='lat' dir='ltr'><strong>intermissas,</strong></span> <span class='ocrx_word' id='word_1_118' title='bbox 861 2353 1050 2446; x_wconf 82' lang='lat' dir='ltr'><strong>publicavit.</strong></span> <span class='ocrx_word' id='word_1_119' title='bbox 1068 2357 1140 2423; x_wconf 87' lang='lat' dir='ltr'><strong>Ma-</strong></span> 
     </span>
     <span class='ocr_line' id='line_1_18' title="bbox 119 2469 1140 2565; baseline 0.003 -28"><span class='ocrx_word' id='word_1_120' title='bbox 119 2472 305 2562; x_wconf 86' lang='lat' dir='ltr'><strong>gistratibus</strong></span> <span class='ocrx_word' id='word_1_121' title='bbox 324 2469 461 2538; x_wconf 86' lang='lat' dir='ltr'><strong>liberam</strong></span> <span class='ocrx_word' id='word_1_122' title='bbox 480 2470 764 2562; x_wconf 88' lang='lat' dir='ltr'><strong>jurisdictionem,</strong></span> <span class='ocrx_word' id='word_1_123' title='bbox 786 2485 821 2538; x_wconf 90' lang='lat' dir='ltr'><strong>et</strong></span> <span class='ocrx_word' id='word_1_124' title='bbox 837 2472 908 2539; x_wconf 89' lang='lat' dir='ltr'><strong>sine</strong></span> <span class='ocrx_word' id='word_1_125' title='bbox 927 2473 977 2540; x_wconf 88' lang='lat' dir='ltr'><strong>sui</strong></span> <span class='ocrx_word' id='word_1_126' title='bbox 996 2471 1140 2565; x_wconf 90' lang='lat' dir='ltr'><strong>appella·</strong></span> 
     </span>
     <span class='ocr_line' id='line_1_19' title="bbox 117 2590 1140 2682; baseline 0.002 -26"><span class='ocrx_word' id='word_1_127' title='bbox 117 2591 222 2674; x_wconf 88' lang='lat' dir='ltr'><strong>tione,</strong></span> <span class='ocrx_word' id='word_1_128' title='bbox 252 2590 425 2660; x_wconf 85' lang='lat' dir='ltr'><strong>concessit.</strong></span> <span class='ocrx_word' id='word_1_129' title='bbox 452 2590 589 2680; x_wconf 86' lang='lat' dir='ltr'><strong>Equites</strong></span> <span class='ocrx_word' id='word_1_130' title='bbox 616 2613 769 2656; x_wconf 89' lang='lat' dir='ltr'><strong>romanos</strong></span> <span class='ocrx_word' id='word_1_131' title='bbox 794 2613 904 2658; x_wconf 88' lang='lat' dir='ltr'><strong>severe</strong></span> <span class='ocrx_word' id='word_1_132' title='bbox 927 2591 1140 2682; x_wconf 85' lang='lat' dir='ltr'><strong>curioseque,</strong></span> 
     </span>
     <span class='ocr_line' id='line_1_20' title="bbox 116 2705 1140 2801; baseline 0 -25"><span class='ocrx_word' id='word_1_133' title='bbox 116 2732 172 2777; x_wconf 88' lang='lat' dir='ltr'><strong>uec</strong></span> <span class='ocrx_word' id='word_1_134' title='bbox 185 2711 260 2778; x_wconf 88' lang='lat' dir='ltr'><strong>sine</strong></span> <span class='ocrx_word' id='word_1_135' title='bbox 278 2707 521 2796; x_wconf 84' lang='lat' dir='ltr'><strong>moderatione,</strong></span> <span class='ocrx_word' id='word_1_136' title='bbox 537 2709 749 2801; x_wconf 80' lang='lat' dir='ltr'><strong>recognovit:</strong></span> <span class='ocrx_word' id='word_1_137' title='bbox 767 2705 877 2800; x_wconf 90' lang='lat' dir='ltr'><strong>palam</strong></span> <span class='ocrx_word' id='word_1_138' title='bbox 890 2707 1021 2776; x_wconf 84' lang='lat' dir='ltr'><strong>ademto</strong></span> <span class='ocrx_word' id='word_1_139' title='bbox 1037 2732 1140 2800; x_wconf 91' lang='lat' dir='ltr'><strong>equo,</strong></span> 
     </span>
     <span class='ocr_line' id='line_1_21' title="bbox 115 2825 1142 2922; baseline 0 -28"><span class='ocrx_word' id='word_1_140' title='bbox 115 2829 231 2918; x_wconf 90' lang='lat' dir='ltr'><strong>quibus</strong></span> <span class='ocrx_word' id='word_1_141' title='bbox 246 2843 304 2898; x_wconf 87' lang='lat' dir='ltr'><strong>aut</strong></span> <span class='ocrx_word' id='word_1_142' title='bbox 318 2827 431 2922; x_wconf 86' lang='lat' dir='ltr'><strong>probri</strong></span> <span class='ocrx_word' id='word_1_143' title='bbox 442 2825 567 2920; x_wconf 83' lang='lat' dir='ltr'><strong>aliquid</strong></span> <span class='ocrx_word' id='word_1_144' title='bbox 581 2841 638 2894; x_wconf 87' lang='lat' dir='ltr'><strong>aut</strong></span> <span class='ocrx_word' id='word_1_145' title='bbox 652 2827 840 2920; x_wconf 74' lang='lat' dir='ltr'><strong>ignominia</strong></span> <span class='ocrx_word' id='word_1_146' title='bbox 856 2828 995 2896; x_wconf 87' lang='lat' dir='ltr'><strong>inesset:</strong></span> <span class='ocrx_word' id='word_1_147' title='bbox 1009 2851 1142 2914; x_wconf 85' lang='lat' dir='ltr'><strong>eorum,</strong></span> 
     </span>
     <span class='ocr_line' id='line_1_22' title="bbox 111 2945 1142 3040; baseline 0.002 -26"><span class='ocrx_word' id='word_1_148' title='bbox 111 2948 165 3038; x_wconf 93' lang='lat' dir='ltr'><strong>qui</strong></span> <span class='ocrx_word' id='word_1_149' title='bbox 179 2949 316 3016; x_wconf 88' lang='lat' dir='ltr'><strong>minore</strong></span> <span class='ocrx_word' id='word_1_150' title='bbox 330 2945 427 3040; x_wconf 89' lang='lat' dir='ltr'><strong>culpa</strong></span> <span class='ocrx_word' id='word_1_151' title='bbox 442 2960 645 3032; x_wconf 88' lang='lat' dir='ltr'><strong>tenerentur,</strong></span> <span class='ocrx_word' id='word_1_152' title='bbox 658 2945 847 3016; x_wconf 90' lang='lat' dir='ltr'><strong>nominibus</strong></span> <span class='ocrx_word' id='word_1_153' title='bbox 862 2945 961 3014; x_wconf 90' lang='lat' dir='ltr'><strong>modo</strong></span> <span class='ocrx_word' id='word_1_154' title='bbox 977 2947 1011 3016; x_wconf 92' lang='lat' dir='ltr'><strong>in</strong></span> <span class='ocrx_word' id='word_1_155' title='bbox 1024 2948 1142 3016; x_wconf 85' lang='lat' dir='ltr'><strong>recita·</strong></span> 
     </span>
     <span class='ocr_line' id='line_1_23' title="bbox 115 3063 1143 3160; baseline 0.002 -28"><span class='ocrx_word' id='word_1_156' title='bbox 115 3065 201 3135; x_wconf 90' lang='lat' dir='ltr'><strong>tione</strong></span> <span class='ocrx_word' id='word_1_157' title='bbox 224 3066 414 3160; x_wconf 68' lang='lat' dir='ltr'><strong>praeteritis.</strong></span> <span class='ocrx_word' id='word_1_158' title='bbox 439 3067 487 3134; x_wconf 90' lang='lat' dir='ltr'><strong>Ut</strong></span> <span class='ocrx_word' id='word_1_159' title='bbox 504 3064 606 3134; x_wconf 83' lang='lat' dir='ltr'><strong>levior</strong></span> <span class='ocrx_word' id='word_1_160' title='bbox 625 3063 719 3134; x_wconf 86' lang='lat' dir='ltr'><strong>labor</strong></span> <span class='ocrx_word' id='word_1_161' title='bbox 732 3065 955 3158; x_wconf 82' lang='lat' dir='ltr'><strong>judicantibus</strong></span> <span class='ocrx_word' id='word_1_162' title='bbox 974 3066 1080 3150; x_wconf 87' lang='lat' dir='ltr'><strong>foret,</strong></span> <span class='ocrx_word' id='word_1_163' title='bbox 1099 3066 1143 3135; x_wconf 85' lang='lat' dir='ltr'><strong>ad</strong></span> 
     </span>
     <span class='ocr_line' id='line_1_24' title="bbox 111 3184 1143 3279; baseline 0 -25"><span class='ocrx_word' id='word_1_164' title='bbox 111 3201 259 3276; x_wconf 75' lang='lat' dir='ltr'><strong>quatmr</strong></span> <span class='ocrx_word' id='word_1_165' title='bbox 277 3187 403 3279; x_wconf 88' lang='lat' dir='ltr'><strong>priores</strong></span> <span class='ocrx_word' id='word_1_166' title='bbox 419 3185 569 3279; x_wconf 88' lang='lat' dir='ltr'><strong>quintam</strong></span> <span class='ocrx_word' id='word_1_167' title='bbox 588 3184 754 3254; x_wconf 89' lang='lat' dir='ltr'><strong>decuriam</strong></span> <span class='ocrx_word' id='word_1_168' title='bbox 771 3185 907 3254; x_wconf 88' lang='lat' dir='ltr'><strong>addidit.</strong></span> <span class='ocrx_word' id='word_1_169' title='bbox 924 3186 1077 3255; x_wconf 89' lang='lat' dir='ltr'><strong>Tentavit</strong></span> <span class='ocrx_word' id='word_1_170' title='bbox 1094 3201 1143 3272; x_wconf 90' lang='lat' dir='ltr'><strong>et,</strong></span> 
     </span>
     <span class='ocr_line' id='line_1_25' title="bbox 107 3304 1142 3398; baseline 0.002 -26"><span class='ocrx_word' id='word_1_171' title='bbox 107 3306 327 3374; x_wconf 89' lang='lat' dir='ltr'><strong>comitiorum</strong></span> <span class='ocrx_word' id='word_1_172' title='bbox 353 3327 445 3374; x_wconf 85' lang='lat' dir='ltr'><strong>more</strong></span> <span class='ocrx_word' id='word_1_173' title='bbox 468 3319 644 3391; x_wconf 85' lang='lat' dir='ltr'><strong>revocato,</strong></span> <span class='ocrx_word' id='word_1_174' title='bbox 669 3304 826 3398; x_wconf 84' lang='lat' dir='ltr'><strong>suffragia</strong></span> <span class='ocrx_word' id='word_1_175' title='bbox 850 3305 973 3398; x_wconf 89' lang='lat' dir='ltr'><strong>populo</strong></span> <span class='ocrx_word' id='word_1_176' title='bbox 997 3305 1142 3374; x_wconf 89' lang='lat' dir='ltr'><strong>reddere.</strong></span> 
     </span>
     <span class='ocr_line' id='line_1_26' title="bbox 108 3423 1144 3517; baseline 0.002 -25"><span class='ocrx_word' id='word_1_177' title='bbox 108 3425 236 3516; x_wconf 84' lang='lat' dir='ltr'><strong>Legata</strong></span> <span class='ocrx_word' id='word_1_178' title='bbox 253 3449 296 3492; x_wconf 80' lang='lat' dir='ltr'><strong>cx</strong></span> <span class='ocrx_word' id='word_1_179' title='bbox 312 3438 506 3494; x_wconf 81' lang='lat' dir='ltr'><strong>testamento</strong></span> <span class='ocrx_word' id='word_1_180' title='bbox 520 3423 656 3512; x_wconf 89' lang='lat' dir='ltr'><strong>Tiberii,</strong></span> <span class='ocrx_word' id='word_1_181' title='bbox 671 3449 870 3517; x_wconf 85' lang='lat' dir='ltr'><strong>quamquam</strong></span> <span class='ocrx_word' id='word_1_182' title='bbox 887 3424 1025 3515; x_wconf 86' lang='lat' dir='ltr'><strong>abolito,</strong></span> <span class='ocrx_word' id='word_1_183' title='bbox 1041 3423 1096 3492; x_wconf 90' lang='lat' dir='ltr'><strong>sed</strong></span> <span class='ocrx_word' id='word_1_184' title='bbox 1111 3439 1144 3494; x_wconf 90' lang='lat' dir='ltr'><strong>et</strong></span> 
     </span>
     <span class='ocr_line' id='line_1_27' title="bbox 104 3541 1143 3637; baseline 0.001 -29"><span class='ocrx_word' id='word_1_185' title='bbox 104 3541 200 3610; x_wconf 76' lang='lat' dir='ltr'><strong>Juliae</strong></span> <span class='ocrx_word' id='word_1_186' title='bbox 221 3548 402 3636; x_wconf 73' lang='lat' dir='ltr'><strong>Augusta,</strong></span> <span class='ocrx_word' id='word_1_187' title='bbox 420 3542 510 3637; x_wconf 91' lang='lat' dir='ltr'><strong>quod</strong></span> <span class='ocrx_word' id='word_1_188' title='bbox 529 3543 679 3612; x_wconf 90' lang='lat' dir='ltr'><strong>Tiberius</strong></span> <span class='ocrx_word' id='word_1_189' title='bbox 699 3558 944 3636; x_wconf 87' lang='lat' dir='ltr'><strong>suppresserat,</strong></span> <span class='ocrx_word' id='word_1_190' title='bbox 965 3569 1040 3613; x_wconf 91' lang='lat' dir='ltr'><strong>curn</strong></span> <span class='ocrx_word' id='word_1_191' title='bbox 1061 3541 1143 3628; x_wconf 92' lang='lat' dir='ltr'><strong>fide,</strong></span> 
     </span>
     <span class='ocr_line' id='line_1_28' title="bbox 103 3659 1142 3755; baseline 0 -27"><span class='ocrx_word' id='word_1_192' title='bbox 103 3683 142 3728; x_wconf 85' lang='lat' dir='ltr'><strong>ac</strong></span> <span class='ocrx_word' id='word_1_193' title='bbox 157 3663 236 3730; x_wconf 88' lang='lat' dir='ltr'><strong>sinc</strong></span> <span class='ocrx_word' id='word_1_194' title='bbox 265 3659 432 3730; x_wconf 86' lang='lat' dir='ltr'><strong>calumnia</strong></span> <span class='ocrx_word' id='word_1_195' title='bbox 448 3671 678 3755; x_wconf 64' lang='lat' dir='ltr'><strong>representem</strong></span> <span class='ocrx_word' id='word_1_196' title='bbox 694 3661 862 3755; x_wconf 89' lang='lat' dir='ltr'><strong>persolvit.</strong></span> <span class='ocrx_word' id='word_1_197' title='bbox 878 3663 1142 3731; x_wconf 90' lang='lat' dir='ltr'><strong>Ducentesimam</strong></span> 
     </span>
     <span class='ocr_line' id='line_1_29' title="bbox 102 3779 1144 3851; baseline 0 -5"><span class='ocrx_word' id='word_1_198' title='bbox 102 3783 309 3850; x_wconf 83' lang='lat' dir='ltr'><strong>auctionum</strong></span> <span class='ocrx_word' id='word_1_199' title='bbox 338 3779 440 3851; x_wconf 73' lang='lat' dir='ltr'><strong>ltalia</strong></span> <span class='ocrx_word' id='word_1_200' title='bbox 467 3781 603 3850; x_wconf 86' lang='lat' dir='ltr'><strong>remisit.</strong></span> <span class='ocrx_word' id='word_1_201' title='bbox 631 3780 747 3850; x_wconf 88' lang='lat' dir='ltr'><strong>Multis</strong></span> <span class='ocrx_word' id='word_1_202' title='bbox 772 3781 997 3850; x_wconf 89' lang='lat' dir='ltr'><strong>incendiorum</strong></span> <span class='ocrx_word' id='word_1_203' title='bbox 1025 3781 1144 3848; x_wconf 87' lang='lat' dir='ltr'><strong>demna</strong></span> 
     </span>
    </p>

    <p class='ocr_par' dir='ltr' id='par_1_4' title="bbox 99 3891 1145 4113">
     <span class='ocr_line' id='line_1_30' title="bbox 99 3891 1145 3995; baseline 0 -29"><span class='ocrx_word' id='word_1_204' title='bbox 99 3898 312 3994; x_wconf 81' lang='lat' dir='ltr'><strong>supplevit:</strong></span> <span class='ocrx_word' id='word_1_205' title='bbox 333 3891 417 3970; x_wconf 69' lang='lat' dir='ltr'><strong>ac&#39;si</strong></span> <span class='ocrx_word' id='word_1_206' title='bbox 443 3900 563 3992; x_wconf 90' lang='lat' dir='ltr'><strong>quibus</strong></span> <span class='ocrx_word' id='word_1_207' title='bbox 583 3925 684 3995; x_wconf 88' lang='lat' dir='ltr'><strong>regna</strong></span> <span class='ocrx_word' id='word_1_208' title='bbox 702 3901 865 3987; x_wconf 89' lang='lat' dir='ltr'><strong>restituit,</strong></span> <span class='ocrx_word' id='word_1_209' title='bbox 883 3899 1003 3993; x_wconf 90' lang='lat' dir='ltr'><strong>adjecit</strong></span> <span class='ocrx_word' id='word_1_210' title='bbox 1022 3915 1054 3967; x_wconf 90' lang='lat' dir='ltr'><strong>et</strong></span> <span class='ocrx_word' id='word_1_211' title='bbox 1075 3897 1145 3966; x_wconf 87' lang='lat' dir='ltr'><strong>sru-</strong></span> 
     </span>
     <span class='ocr_line' id='line_1_31' title="bbox 101 4017 1145 4113; baseline 0.001 -29"><span class='ocrx_word' id='word_1_212' title='bbox 101 4036 195 4087; x_wconf 87' lang='lat' dir='ltr'><strong>ctum</strong></span> <span class='ocrx_word' id='word_1_213' title='bbox 209 4043 354 4089; x_wconf 88' lang='lat' dir='ltr'><strong>omnem</strong></span> <span class='ocrx_word' id='word_1_214' title='bbox 365 4017 625 4113; x_wconf 73' lang='lat' dir='ltr'><strong>uectigaliorum,</strong></span> <span class='ocrx_word' id='word_1_215' title='bbox 637 4035 669 4088; x_wconf 93' lang='lat' dir='ltr'><strong>et</strong></span> <span class='ocrx_word' id='word_1_216' title='bbox 685 4020 851 4088; x_wconf 89' lang='lat' dir='ltr'><strong>redituum</strong></span> <span class='ocrx_word' id='word_1_217' title='bbox 866 4019 964 4086; x_wconf 84' lang='lat' dir='ltr'><strong>medii</strong></span> <span class='ocrx_word' id='word_1_218' title='bbox 978 4019 1145 4112; x_wconf 87' lang='lat' dir='ltr'><strong>temporis,</strong></span> 
     </span>
    </p>
   </div>
   <div class='ocr_carea' id='block_1_3' title="bbox 0 0 1570 5446">
    <p class='ocr_par' dir='ltr' id='par_1_5' title="bbox 0 0 1570 5446">
     <span class='ocr_line' id='line_1_32' title="bbox 0 0 1570 5446; baseline 0 0"><span class='ocrx_word' id='word_1_219' title='bbox 0 0 1570 5446; x_wconf 95' lang='lat' dir='ltr'><strong> </strong></span> 
     </span>
    </p>
   </div>
  </div>
 </body>
</html>
