3168 5440
413 517 465 572 150
873 521 988 578 NOTAE

408 635 625 710 tempestatibus
643 633 733 693 dediti
757 619 883 708 abirent,
906 611 1096 714 fugerentque
1122 646 1244 694 vastatas
1264 634 1452 694 delationibus

408 740 515 800 terras,
529 739 582 784 etc.
601 753 612 780 ι

452 823 622 896 Quocunque
643 834 732 879 veum.
754 827 849 879 Vento
865 825 949 880 etiam
962 825 1084 881 adverso
1099 833 1195 879 sontes
1210 821 1293 878 erebi
1304 821 1453 895 janut,
1571 863 1572 892 5

407 935 444 971 ex
463 915 528 971 eod.
551 915 621 971 Plin.
630 959 639 986 ,
654 917 720 971 thau.
739 919 954 974 :anelatorum
971 917 1064 974 classis
1080 915 1217 991 permissa
1230 915 1365 972 omnibus
1383 934 1454 972 ren-

407 1009 458 1080 tis,
479 1019 635 1082 coactaque
651 1011 713 1065 vela
731 1011 947 1084 tempestatibus
962 1009 1105 1084 pandere,
1123 1009 1269 1084 iratosque
1287 1007 1393 1065 ductos
1408 1026 1455 1066 se-

407 1100 471 1174 qui,
488 1120 677 1175 quoscunque
693 1101 723 1158 in
736 1105 871 1178 scopulos
889 1104 1093 1162 detulissent.»

447 1194 515 1250 Car.
531 1195 650 1250 LXVII.
667 1197 889 1270 Exsequebatur.
902 1198 940 1254 II.
955 1215 980 1253 e.
994 1196 1134 1272 puniebat
1145 1213 1201 1270 pro
1219 1195 1309 1252 modo
1322 1196 1415 1269 culpae
1427 1205 1455 1250 et
1571 1211 1572 1228 ¹

406 1305 497 1360 poente
517 1286 685 1344 constitutae.
703 1289 809 1360 Tacit,
832 1293 946 1365 Agric,
961 1308 1016 1345 rx:
1032 1313 1050 1340 e
1060 1289 1164 1347 Omnia
1177 1289 1262 1359 scire,
1274 1307 1341 1344 uon
1360 1289 1455 1344 omnm

406 1380 532 1452 exsequi.
547 1403 563 1432 ιι
1571 1451 1572 1460 ¹

448 1471 626 1528 Coaeivebot.
646 1475 681 1530 H.
704 1493 728 1529 e.
752 1475 862 1548 reliqua
887 1476 977 1532 oculis
998 1475 1080 1550 quasi
1101 1473 1203 1531 clausis
1223 1474 1401 1548 preteribat,
1423 1486 1455 1530 ut
1571 1461 1572 1476 ἶ

405 1565 478 1635 Cic,
492 1567 585 1632 Phil,
606 1587 634 1636 ι,
656 1586 671 1637 7
691 1586 698 1621 :
718 1591 734 1618 α
748 1567 805 1623 Sed
823 1586 856 1623 ea
878 1567 1108 1643 ipse'concedo,
1127 1567 1301 1640 quibusdam
1318 1567 1405 1624 etiam
1422 1567 1452 1622 in
1515 1551 1522 1562 ¹

405 1659 492 1714 rebus
511 1659 687 1714 conniveo.»
753 1653 759 1666 '

452 1753 608 1808 Tiberiana.
623 1751 699 1807 Vide
713 1771 817 1826 supra,
832 1772 897 1808 ιιι.

445 1844 512 1899 Car.
527 1847 660 1902 LXVIII.
676 1844 885 1901 Centuriones...
898 1864 915 1900 e
928 1847 1034 1900 ue'atico
1047 1863 1105 1902 suo.
1122 1845 1158 1902 Η.
1177 1863 1201 1899 e.
1217 1843 1339 1918 quisque
1349 1854 1453 1900 centu-

404 1938 450 1992 rio
469 1955 498 1992 se
515 1938 639 2011 equitem
649 1949 825 1994 armaturam
834 1949 863 1994 et
880 1948 1103 1996 sustentaturum
1112 1938 1295 1994 facultatibus
1312 1937 1371 1994 suis
1384 1939 1455 2012 pol-

404 2027 497 2086 licitus
510 2040 559 2085 est.
577 2032 694 2101 Horat,
708 2032 800 2104 Epist.
820 2051 859 2100 11,
877 2050 911 2100 a,
932 2030 969 2086 ab
987 2051 994 2086 :

507 2181 599 2230 Luculli
612 2183 679 2231 miles
692 2182 790 2232 collecte
801 2183 886 2232 viatica
898 2183 978 2232 multis

511 2264 646 2324 AErumuis,
662 2265 736 2316 lassus
747 2265 804 2316 dum
817 2275 891 2317 noctu
904 2267 1041 2327 stertlt‚,ad
1053 2283 1127 2318 assem

509 2347 655 2399 Perdiderat.

449 2493 589 2546 I'utelam.
612 2493 648 2548 II.
667 2511 691 2548 e.
714 2496 964 2564 sustentationem,
983 2497 1056 2550 tueri
1072 2496 1147 2550 enim
1170 2505 1212 2550 est
1230 2495 1319 2566 alere,
1333 2505 1370 2550 ut
1386 2497 1452 2552 tta-

402 2585 502 2656 crob.,
519 2585 630 2640 Satum
647 2605 689 2657 11,
712 2603 729 2642 a
750 2607 756 2641 :
775 2590 909 2644 «Testem
929 2588 1131 2666 interrogavit,
1145 2587 1214 2662 quia
1231 2597 1361 2644 sutorem
1380 2589 1451 2644 seie-

401 2677 470 2746 bat,
486 2697 548 2752 quo
561 2675 727 2735 artificiose
745 2691 883 2736 tueretur.
906 2705 918 2730 o

442 2771 626 2826 Ilccusoruet.
647 2773 726 2828 Inter
738 2773 809 2829 aiios
827 2773 1031 2829 memorandus
1044 2773 1169 2829 Granius
1185 2773 1375 2844 Petronnius,
1388 2773 1453 2848 qui,

402 2874 485 2938 capta
502 2863 533 2918 in
557 2863 751 2936 Africanam,
768 2865 896 2940 Scipioni
913 2867 1032 2921 salutem
1049 2865 1144 2936 danti,
1164 2863 1314 2938 respondit
1328 2883 1366 2921 ex
1381 2867 1452 2931 Plu,-

401 2957 505 3027 ῑθΐῦῙὶι,
523 2957 553 3010 Ῐῆ
569 2956 642 3011 Caes.
659 2976 668 3009 ι’
687 2951 734 3018 ότι
753 2973 795 3018 τοῦ
810 2968 935 3036 Καίσαρος
954 2967 1109 3036 στρατιώτας
1125 2969 1151 3019 οὐ
1170 2963 1321 3036 lapideam,
1336 2966 1402 3019 ἀλλὰ
1416 2962 1453 3017 ‹b-

401 3053 473 3110 δόναι
487 3055 608 3126 corripias
629 3059 678 3118 lto<
691 3059 765 3110 loris.
783 3049 858 3105 Vide
878 3050 1006 3122 ejusdem
1025 3051 1154 3124 exempla
1172 3049 1203 3105 in
1224 3052 1339 3106 Vacua.
1357 3051 1454 3120 Man,

401 3160 456 3211 ιιι,
470 3141 497 3197 8.

442 3235 491 3289 Ea·
508 3234 606 3291 herda.
624 3236 705 3305 ess,
724 3233 798 3292 Bell.
817 3235 891 3302 cia,
907 3254 960 3305 ιιι,
976 3235 1012 3302 48
1034 3255 1040 3289 :
1060 3235 1130 3290 «Est
1146 3235 1231 3290 etiam
1248 3253 1341 3310 genus
1350 3237 1455 3294 radicis

401 3328 550 3382 inventum
566 3328 603 3383 ab
621 3325 670 3398 iis,
682 3327 734 3402 qui
743 3326 930 3383 buerantcum
939 3325 1161 3401 Valerio,quod
1175 3329 1454 3400 appellaturebara,

402 3420 484 3493 quod
493 3419 651 3476 admixtum
660 3422 733 3476 lacte
744 3421 865 3475 multum
873 3419 1002 3492 inopiam
1010 3417 1131 3474 levabat.
1142 3419 1177 3476 ld
1191 3417 1228 3475 ad
1237 3419 1456 3478 similitudinem

401 3513 483 3586 panis
502 3511 664 3569 efficiebant
683 3533 689 3567 :
709 3513 771 3585 ejus
784 3523 846 3568 erat
858 3531 962 3588 magna
974 3512 1066 3586 copia.
1080 3514 1124 3572 Ex
1140 3511 1197 3568 hoc
1214 3511 1335 3569 effectos
1353 3532 1456 3587 panes,

402 3623 493 3678 quum
514 3605 544 3660 in
557 3605 708 3680 colloquiis
727 3603 894 3680 Pompeiani
910 3605 1013 3661 lamera
1030 3605 1135 3662 nostris
1155 3605 1352 3678 objectarent,
1366 3609 1458 3682 vulgo

401 3697 431 3752 in
453 3715 502 3753 eos
514 3697 676 3770 jaciebant,
691 3708 725 3753 ut
737 3716 817 3771 spem
835 3715 936 3753 eorum
945 3697 1272 3754 minuerent.»llerbana
1292 3699 1369 3756 bane
1384 3701 1457 3772 lup-

401 3801 599 3847 senamvocat
612 3791 699 3862 Plin,
718 3793 752 3846 11.
767 3791 813 3857 N,
829 3809 896 3859 xxx,
911 3791 939 3848 8.
1147 3833 1154 3840 -

445 3883 647 3940 Consolandos.
666 3885 748 3954 Cen,
763 3885 837 3939 Beli.
854 3883 926 3949 cia,
945 3901 996 3954 ιιι,
1016 3885 1051 3954 73
1072 3903 1079 3938 :
1095 3885 1292 3941 «Concionem
1302 3885 1381 3960 apud
1394 3885 1458 3941 nri-

401 3975 464 4030 lites
482 3975 601 4045 habuit,
615 3977 804 4050 hortatusque
821 3986 875 4046 est,
891 3995 928 4031 ne
944 3994 977 4031 ea
995 3995 1059 4050 quae
1073 3976 1240 4033 accidissent
1249 3978 1377 4053 praviter
1390 3977 1459 4033 ier-

402 4075 479 4136 rent‚
494 4085 564 4126 neve
573 4068 617 4123 bis
630 4069 715 4124 rebus
726 4080 915 4139 terrerentur,
928 4069 1082 4144 multisque
1096 4070 1229 4126 secundis
1241 4071 1353 4144 procliis
1362 4089 1461 4126 unum

374 4178 377 4195 ¹
402 4157 571 4248 ¹aduersum,
588 4172 616 4215 et
636 4161 665 4216 id
685 4161 843 4232 mediocre,
861 4173 1055 4236 opponerent,
1076 4173 1151 4220 etc.»
