3108 5434
386 511 789 568 ocrsvrnssuousrus.
1057 511 1094 582 ⁶⁷

70 642 163 698 tectas
179 634 563 726 tenentum,suspicatus
581 633 727 727 gladium
743 631 909 722 occulere,
927 659 987 703 nec
1006 637 1097 728 quio-

71 771 163 840 quam
189 749 327 838 statim,
358 773 401 818 ne
425 749 515 819 aliud
540 752 763 840 inveniretur,
789 775 888 821 ausus
914 751 1096 846 inquirere,

71 865 166 960 paulo
195 883 276 961 post
301 889 363 962 per
381 871 588 936 centuriones
604 881 638 937 et
662 867 784 940 milites
801 883 969 965 raptume
992 871 1096 940 tribu·

70 983 149 1072 nali,
162 984 318 1054 servilem
336 988 371 1054 in
388 985 522 1054 modum
538 987 649 1059 torsit:
669 1009 708 1054 ac
725 987 882 1056 fatentem
900 985 983 1058 nihil
998 989 1095 1081 jussit

71 1103 190 1190 occidi,
211 1106 305 1197 prius
328 1102 431 1172 oculis
453 1105 522 1198 ejus
541 1129 599 1174 sua
624 1129 724 1174 manu
750 1103 903 1174 effossis:
924 1131 1023 1199 quem
1047 1121 1096 1174 ta-

71 1246 141 1290 men
160 1223 280 1291 scribit
296 1217 462 1317 colloquio
478 1225 582 1318 petito
591 1223 779 1292 insidiatum
795 1223 878 1313 sibi,
894 1225 1095 1318 conjectum-

72 1365 131 1435 que
147 1363 170 1410 a
193 1365 232 1411 se
254 1342 290 1410 in
313 1343 510 1430 custodiam,
534 1342 653 1411 deinde
669 1341 762 1411 Urbe
789 1343 961 1412 interdicta
988 1341 1097 1411 dimis-

71 1483 157 1546 sum,
176 1459 354 1555 naufragio
376 1459 426 1529 rel
450 1458 615 1530 latronum
639 1461 765 1530 insidiis
785 1461 918 1558 perisse.
942 1461 1098 1530 Tribuni·

73 1578 147 1646 tisrn
170 1591 368 1672 potestatem
387 1591 580 1672 perpetuam
594 1580 735 1674 recepit:
750 1581 783 1647 in
800 1603 866 1673 qua
884 1577 982 1648 semel
994 1593 1094 1674 atque

73 1695 190 1764 iterum
217 1719 280 1792 per
295 1695 423 1792 singula
443 1695 545 1766 lustra
564 1695 723 1792 collegam
743 1697 803 1766 sibi
827 1698 1004 1792 cooptavit.
1028 1699 1095 1766 Re·

72 1816 155 1908 cepit
171 1829 207 1883 et
226 1839 358 1884 morum
388 1814 562 1910 legumque
587 1803 734 1910 rigimen
761 1839 852 1909 aeque
873 1829 1093 1910 perpetuum:

73 1956 134 2024 quo
149 1933 247 2026 jure,
265 1957 464 2027 quamquam
482 1935 552 2002 sine
569 1957 715 2003 oeusurae
731 1933 873 2022 honore,
894 1957 1028 2002 censum
1048 1947 1096 2000 ta-

75 2073 143 2118 nen
163 2049 284 2146 populi
305 2066 355 2120 ter
372 2053 440 2146 egit
455 2075 466 2120 a
481 2051 627 2146 primum
648 2075 686 2122 ac
706 2053 840 2121 tertium
859 2075 935 2120 cum
949 2049 1095 2144 collega,

75 2167 217 2236 medium
236 2166 336 2238 solus.

112 2287 276 2356 XXVIII.
290 2291 342 2357 De
355 2280 522 2358 reddenda
534 2289 704 2384 republica
720 2289 771 2358 bis
785 2287 942 2383 cogitavit
962 2311 971 2356 ε
987 2289 1094 2380 primo

72 2421 141 2496 pun
157 2429 355 2499 oppressum
368 2409 477 2477 statim
497 2409 691 2496 Antonium,
707 2431 848 2495 memor,
869 2405 1034 2498 objectum
1052 2405 1093 2472 ab

72 2545 106 2588 oo
122 2523 189 2591 sibi
202 2525 339 2616 saepius,
360 2527 453 2618 quasi
473 2549 532 2619 per
556 2529 664 2618 ipsum
684 2538 802 2610 staret,
821 2547 863 2592 ue
881 2521 1091 2591 redderetur:

71 2663 106 2707 ao
119 2665 239 2710 rursus
256 2641 353 2712 tudio
372 2642 756 2730 diuturnaevaletudinis3
770 2666 874 2734 quum
890 2641 1008 2725 etiam,
1024 2663 1094 2706 ma·

71 2757 261 2850 gimtibus
284 2783 323 2828 sc
354 2775 469 2830 senatu
491 2761 626 2830 domurn
644 2761 771 2844 accitis,
800 2757 1015 2826 rationarium
1034 2757 1094 2824 im·

69 2877 148 2968 pmii
168 2875 317 2945 tradidit.
344 2877 409 2946 Sed
429 2893 601 2974 reputans,
625 2893 659 2947 et
681 2902 715 2946 se
739 2879 905 2972 privatum
931 2899 999 2942 non
1022 2875 1092 2942 sine

68 2992 220 3085 pmiculo
244 2995 329 3083 fore,
347 3010 381 3064 et
400 2995 489 3066 illam
510 2996 655 3090 plurium
685 2995 823 3064 arbitrio
850 3007 973 3062 temere
1003 3017 1092 3062 com·

68 3113 173 3199 nitu,
203 3113 237 3180 in
265 3113 432 3184 mutuenda
457 3115 692 3209 perseveravit3
715 3113 871 3198 dubium,
888 3125 1007 3180 eventu
1022 3135 1091 3179 me-

65 3229 168 3320 liore,
189 3255 232 3299 su
258 3229 436 3302 voluntate.
468 3234 580 3321 Quam
607 3230 811 3300 voluntatem
837 3253 940 3323 quum
965 3253 1033 3322 prae
1058 3253 1093 3298 sc

65 3347 251 3419 identidem
275 3349 388 3439 ferret,
406 3351 550 3445 quodam
577 3353 676 3420 etiam
696 3351 803 3419 edicto
825 3350 877 3417 his
897 3347 1005 3415 verbis
1028 3359 1091 3415 tes·

64 3482 153 3537 tetras
165 3483 241 3537 est:
255 3471 329 3538 «lta
339 3471 420 3538 mibi
428 3468 552 3540 salvam
568 3493 606 3538 ac
619 3470 774 3564 sospitem
788 3463 1024 3560 rempublicam
1035 3465 1090 3531 sis·

60 3599 133 3656 tra-e
146 3589 186 3658 in
198 3611 260 3656 sua
275 3587 349 3656 sede
362 3583 477 3673 liceat,
491 3603 590 3680 atque
602 3593 671 3680 ejus
688 3588 735 3655 rei
751 3585 895 3654 fructum
908 3583 1091 3678 percipere,

59 3730 163 3797 quern
177 3721 274 3800 peto,
288 3719 327 3774 ut
338 3707 455 3801 optimi
472 3717 575 3774 status
592 3719 707 3774 auctor
723 3704 832 3790 dicar3
847 3715 880 3770 ct
895 3703 1037 3770 moriens
1055 3715 1094 3767 ut

56 3822 167 3894 feram
185 3847 318 3892 mecum
334 3847 440 3919 spem,
452 3847 605 3892 mansura
615 3823 650 3890 in
660 3823 798 3916 vestigio
812 3843 872 3889 suo
883 3819 1093 3887 fundamenta

55 3941 277 4036 reipubffl,
302 3967 375 4035 quae
394 3943 540 4036 jecero.»
568 3942 726 4035 Fecitque
742 3940 819 4035 'ipse
849 3964 883 4008 se
907 3951 1091 4030 compotem

55 4063 144 4146 noti,
160 4061 258 4128 nisus
275 4061 363 4128 omni
381 4059 500 4148 modo,
517 4085 671 4154 nequem
690 4061 767 4128 novi
787 4071 891 4128 status
910 4056 1090 4150 poeniteret.

942 4173 972 4242 5.
