3138 5438
305 535 359 594 DE
379 537 560 596 SUETONII
581 539 672 598 vm
691 541 739 596 ΕΤ
758 541 930 601 scltlrrls.
1109 545 1139 619 iij

99 664 257 760 quonism
277 661 409 733 assidua
431 671 532 734 mnnu
550 677 766 735 versaverunt
783 669 953 757 Tucitum,
971 671 1045 764 qui,
1062 669 1139 739 licet

99 788 190 853 iutra
214 783 446 878 quorumdum
467 785 730 876 orlamfiur‘tus,
750 801 784 856 et
808 801 972 886 tanquam
994 815 1018 858 a
1039 814 1139 861 scena

102 903 269 988 murator,
276 903 490 1000 plumpoene
500 905 662 1002 precipit
671 929 776 998 quum
791 897 922 993 uenat,
936 933 1137 1002 arcanorum

103 1024 313 1108 consiltomm
332 1023 486 1094 curiosus
502 1022 687 1118 rudagutor
701 1039 736 1094 et
748 1024 902 1120 sagax*,
917 1030 1141 1122 torrentisque

104 1147 209 1216 instar
223 1142 366 1214 lectores
385 1143 508 1214 crebris
527 1143 800 1238 rihmutibusque
814 1147 985 1216 sententiis
1003 1147 1141 1242 abripit,

104 1265 305 1334 Suetonium
332 1263 432 1333 dente
457 1261 604 1360 maligno
633 1281 845 1360 carpserunt,
882 1265 957 1336 ideo
984 1266 1075 1360 quod
1107 1270 1141 1336 iu

105 1389 206 1477 opere
245 1407 308 1452 suo
344 1398 493 1478 temporo
528 1398 594 1454 tem
630 1368 744 1454 variis
768 1383 898 1454 vicibus
927 1385 1143 1474 memorande

107 1501 315 1598 complexus,
331 1503 527 1597 paucissima
544 1501 585 1572 de
603 1503 639 1572 re
658 1501 793 1599 publicu
808 1504 864 1573 rix
872 1505 1041 1598 redigerit,
1057 1519 1145 1581 totus

107 1623 199 1716 quusi
220 1625 257 1692 in
274 1623 511 1692 minutioribus
530 1647 631 1716 quem
649 1621 898 1718 diligentissime
916 1605 1144 1720 congerendis.

153 1745 286 1812 Horum
301 1742 340 1810 in
350 1742 546 1812 sententiam
559 1722 855 1840 pedibuseunduum
872 1742 954 1812 mihi
966 1743 1146 1830 videretur,

110 1863 221 1930 sicum
238 1861 340 1932 Livio
358 1875 416 1930 out
429 1863 545 1930 Tucrto
558 1858 719 1953 congredi
736 1861 914 1930 Suetonius
928 1861 1098 1932 habuisset
1111 1863 1146 1931 in

110 1982 232 2052 animo.
250 1981 461 2050 Provinciam
474 2003 553 2050 vero
569 1981 680 2050 minus
693 1977 832 2050 arduom
848 1982 1011 2052 sustinere
1031 1979 1147 2052 voluit.

111 2103 188 2172 Nou
213 2101 251 2169 in
270 2099 629 2196 magnilicottouquum
658 2097 804 2168 historice
828 2099 957 2170 theatro
975 2099 1149 2194 loquentes

113 2233 288 2316 egentesre
309 2222 456 2290 Caeseres
478 2219 635 2306 exhibet3
660 2232 695 2287 et
712 2219 799 2288 intre
819 2217 1026 2290 ‘domesticos
1042 2222 1151 2316 perie-

115 2358 161 2412 tes
175 2365 238 2412 nos
249 2339 360 2428 ducit,
381 2354 436 2428 ut,
453 2337 603 2433 deposita
617 2337 806 2431 majestate,
825 2337 940 2432 qunles
956 2363 994 2408 re
1010 2341 1081 2435 ipsa
1099 2365 1152 2410 es-

116 2477 206 2549 sent,
230 2473 430 2555 apparerent
449 2482 518 2527 non
540 2458 610 2551 jem
631 2455 906 2552 circumfulgente
934 2459 1154 2554 imperatorie

116 2577 585 2676 dignitatislulgore3tumque
595 2573 693 2669 plene
702 2577 737 2645 in
752 2575 859 2646 lucem
867 2575 979 2646 ederet
990 2576 1155 2671 quidquid

118 2695 383 2794 relegerint,vel
392 2691 646 2765 dixerintNihil
656 2694 863 2788 emisitquod
875 2696 1014 2788 posteris
1024 2695 1156 2766 tradere

121 2822 267 2915 pretium
292 2840 402 2912 opere
420 2827 512 2902 ceals
527 2838 589 2884 nee
606 2813 789 2907 quidquam
807 2812 956 2901 obstitit,
974 2813 1057 2906 quin
1077 2814 1156 2884 vitiu
1252 2835 1257 2842 ·

118 2941 280 3034 cujusque
290 2951 324 3008 et
335 2936 502 3032 proprium
519 2932 665 3004 indolem
675 2934 889 3027 expresserit,
900 2933 969 3002 veri
987 2957 1091 3026 usque
1109 2948 1158 3002 te·

120 3084 185 3128 nex
202 3059 297 3127 :imo
315 3077 556 3148 nonnunquam
571 3053 735 3140 veritatis,
754 3052 865 3122 verbis
878 3052 921 3121 sit
932 3053 1046 3142 venia,
1064 3077 1160 3123 aceu-

120 3179 227 3248 ratior
250 3175 426 3269 indagetur
444 3187 478 3244 et
499 3175 678 3268 interpres,
695 3195 732 3241 ee
756 3172 881 3240 uostris
900 3169 1007 3241 oeulis
1025 3173 1161 3266 subjicit

125 3299 215 3368 omni
252 3295 440 3366 velamento
469 3293 622 3381 nudata,
657 3317 730 3388 quae
763 3316 830 3361 nou
846 3291 1044 3386 detegenda
1070 3292 1160 3364 haud

123 3417 297 3488 immerito
321 3415 458 3504 dixeris3
482 3414 548 3483 nisi
571 3425 669 3482 ceute
688 3434 790 3480 runnu
801 3425 834 3479 et
853 3408 909 3480 ille
932 3411 1164 3506 indignatione

124 3539 231 3608 enimi
249 3533 344 3632 quae',
362 3535 443 3603 dum
462 3533 498 3604 in
519 3533 601 3602 vitia
622 3517 788 3602 acerrime
803 3531 984 3620 invehitur,
1003 3533 1161 3603 vitiorum

125 3657 243 3728 odium
270 3671 305 3724 et
337 3654 509 3724 horrorem
538 3653 712 3747 ingeneret
731 3676 741 3720 r
758 3651 938 3722 Suetonius
955 3666 1066 3721 eutem
1086 3651 1165 3722 teliu

125 3933 266 4009 scriptis,
287 3949 353 4008 qna·
368 3928 483 4005 collegit
496 3929 572 3987 Sem.
584 3926 705 3986 Pitiscus
724 3927 755 3984 in
769 3928 800 3985 C.
813 3927 931 3988 Sueton.
945 3945 1049 4002 opere,
1068 3929 1113 3988 ed.
1130 3948 1167 4003 n,

124 4023 312 4098 lauvardiae,
324 4023 383 4080 rol.
399 4019 502 4097 primo.
1250 4019 1253 4028 ‘

166 4119 182 4144 '
197 4116 391 4186 c0n11.,de
408 4114 480 4170 Hist.
494 4111 661 4172 munerum
673 4109 775 4170 ontio.
