3114 5446
455 501 1100 538 fflfflfflfflfflfflmfflfflmmffl
1104 492 1459 520 ΜῊἈἊΜΜΜΜΜ

757 851 1157 961 CALIGULA.

443 1607 471 1673 1.
498 1547 778 1689 Gnousmcus,
800 1603 838 1670 C.
863 1599 999 1670 Caesaris
1021 1613 1131 1692 pater,
1153 1597 1255 1667 Drusi
1278 1613 1311 1666 et
1336 1599 1467 1668 minoris

446 1723 600 1793 Antoniae
618 1719 724 1801 iilius,
741 1719 909 1788 aTiberio
926 1731 1044 1811 patruo
1061 1715 1256 1810 adoptatus,
1274 1733 1466 1810 quaesturam

446 1841 676 1936 quinquennio
693 1853 790 1928 ante,
810 1861 909 1932 quam
929 1861 990 1931 per
1007 1835 1094 1931 leges
1111 1833 1244 1924 liceret,
1259 1851 1292 1905 et
1311 1851 1389 1931 post
1403 1863 1470 1905 eam

447 1958 656 2030 consulatum
681 1959 792 2026 statim
817 1957 941 2051 gessit:
962 1957 1144 2048 missusque
1170 1954 1212 2023 ad
1235 1957 1416 2024 exercitum
1439 1957 1469 2024 in

447 2078 677 2160 Germaniam,
690 2099 825 2144 excessu
841 2077 981 2167 Augusti
996 2075 1167 2160 nunciato,
1181 2072 1323 2168 legiones
1340 2077 1472 2144 univer·

447 2223 517 2283 sas,
537 2199 768 2291 imperatorem
791 2195 959 2262 Tiberium
983 2193 1241 2287 pertinacissime
1264 2207 1474 2276 recusantes,

448 2335 481 2388 et
504 2318 566 2388 sibi
588 2339 751 2386 summam
769 2313 957 2409 reipublicae
975 2312 1176 2399 deferentes,
1199 2315 1381 2400 incertum,
1400 2337 1474 2380 coo-

448 2437 570 2506 stantia
597 2461 639 2504 an
664 2436 785 2528 pietate
811 2434 954 2525 majore,
982 2434 1206 2526 compescuit3
1234 2445 1358 2524 atque,
1386 2433 1478 2502 hoste

448 2579 525 2624 mox
541 2555 689 2636 devicto,
707 2552 934 2646 triumphavit.
957 2548 1083 2617 Consul
1102 2547 1221 2618 deinde
1242 2552 1366 2619 iterum
1388 2575 1477 2619 crea·

448 2687 522 2761 tus,
543 2697 582 2742 sc
600 2673 692 2766 prius
710 2695 809 2763 quam
828 2671 987 2738 honorem
1008 2669 1126 2752 iniret,
1148 2669 1189 2737 ad
1210 2670 1479 2762 componendum

449 2792 595 2861 Orientis
617 2804 738 2858 statum
756 2785 930 2880 expulsus,
951 2811 1054 2880 quum
1072 2789 1235 2856 Armeniae
1255 2813 1372 2881 regem
1390 2789 1481 2858 devi-

449 2912 564 2997 cisset,
586 2906 829 3001 Cappadociam
853 2907 887 2974 in
913 2906 1090 2999 provinciae
1114 2905 1254 2974 formam
1279 2905 1482 3001 redegisset,

451 3051 575 3096 annum
606 3027 709 3096 artatis
737 3049 837 3119 agens
869 3039 1024 3116 quartum
1053 3039 1087 3093 et
1116 3026 1316 3094 tricesimum
1353 3026 1486 3096 diutino

451 3146 568 3214 morbo
595 3145 777 3213 Antiochiae
803 3142 904 3226 obiit,
933 3167 1000 3210 non
1027 3143 1099 3210 sine
1129 3145 1249 3212 veneni
1281 3146 1485 3238 suspicione.

452 3266 539 3334 Nam
557 3277 672 3356 praeter
686 3261 821 3350 livores,
835 3263 892 3354 qui
909 3275 978 3330 toto
996 3285 1135 3354 corpore
1151 3275 1260 3350 erant,
1277 3276 1311 3330 et
1328 3288 1488 3357 spumas,

454 3407 526 3476 quae
543 3405 601 3474 per
618 3405 655 3448 os
672 3379 836 3467 fluebant,
854 3380 990 3448 cremati
1008 3404 1139 3474 quoque
1157 3405 1214 3450 cor
1232 3383 1317 3449 inter
1338 3407 1421 3452 ossa
1441 3383 1492 3450 in-

455 3515 648 3594 corruptum
669 3514 834 3594 repertum
853 3512 903 3567 est
920 3523 929 3566 :
946 3499 1040 3586 cujus
1059 3523 1097 3567 ea
1120 3514 1238 3568 natura
1256 3501 1492 3588 existimatur,

455 3634 492 3689 ut
510 3621 647 3688 tinctum
668 3641 795 3686 veneno
818 3618 894 3712 igne
914 3617 1030 3686 confici
1052 3632 1202 3710 nequeat.

501 3743 545 3807 11.
567 3737 660 3805 Obiit
677 3751 804 3823 autem,
821 3749 858 3804 ut
875 3737 989 3829 opinio
1004 3736 1083 3823 fuit,
1098 3735 1212 3804 fraude
1225 3737 1373 3824 Tiberii,
1392 3741 1497 3808 mini·

455 3856 554 3924 sterio
570 3869 603 3923 et
620 3878 719 3948 opera
733 3857 794 3924 Cn.
813 3854 940 3922 Pisonis
956 3879 963 3920 :
979 3855 1036 3947 qui
1053 3854 1114 3922 sub
1132 3854 1218 3923 idem
1238 3869 1376 3949 tempus
1392 3860 1498 3952 Syriae

458 3975 675 4069 prepositus,
691 3997 751 4042 nee
769 3971 994 4060 dissimulans,
1011 3973 1244 4042 offendendum
1265 3975 1328 4042 sibi
1350 3993 1419 4047 aut
1441 4003 1502 4072 pa-

458 4107 560 4178 trem,
581 4107 638 4161 aut
660 4091 784 4179 filium,
806 4092 897 4184 quasi
918 4090 1015 4184 piane
1036 4093 1080 4160 ita
1103 4117 1234 4161 necesse
1257 4109 1368 4179 esset,
1395 4099 1502 4166 etiam
