3108 5434
447 483 630 542 ocravrtu
644 485 849 542 incussus.
1118 505 1156 563 79
1257 549 1260 557 ,

123 601 369 698 quinquaginta
384 605 572 676 cubitorum
583 631 645 700 pro
654 607 806 678 Comitio.
821 608 945 678 Accidit
957 611 1075 680 votivis
1087 614 1157 682 Cir·

79 727 83 732 ’
125 723 293 810 censibus,
313 737 353 792 ut
371 741 541 819 correptus
561 725 884 814 valetudine,lectica
898 730 1156 818 cubans,tensas

126 839 306 912 deduomet
326 867 335 911 ε
353 865 468 912 rursus
491 845 717 915 commissione
738 839 908 935 ludorum,
927 849 1047 940 quibem
1069 851 1155 919 thea-

129 959 379 1032 trumMarcelli
396 961 579 1050 dedicabat,
595 966 718 1051 evenit,
736 980 790 1048 ut,
807 964 922 1036 laxatis
937 957 1154 1039 sellaecurnlis

130 1081 367 1175 compagibus,
385 1081 515 1150 raderet
534 1083 681 1176 supinus.
693 1087 861 1177 Nepotum
873 1111 1005 1180 quoqne
1020 1113 1156 1160 suorum
1187 1164 1189 1168 ,

132 1221 288 1284 munere,
307 1221 410 1292 quum
431 1215 674 1270 consternatum
693 1203 797 1270 ruinae
818 1218 907 1272 metu
927 1205 1087 1298 populum
1108 1231 1153 1276 re

133 1320 237 1386 tinere
255 1332 288 1386 et
306 1318 501 1390 confirmare
526 1317 619 1388 nullo
637 1319 736 1389 modo
753 1337 880 1415 posset,
899 1327 1064 1394 transiite
1082 1325 1156 1398 loco

131 1461 209 1520 sno,
225 1449 327 1529 atque
351 1438 385 1504 in
403 1461 442 1505 ea
459 1451 551 1532 parte
574 1438 739 1525 consedit,
754 1437 828 1533 quie
846 1457 996 1536 suspecta
1018 1447 1157 1515 maxime

131 1569 212 1626 ent.

181 1675 305 1744 XLIV.
334 1675 509 1769 Spectandi
518 1676 779 1746 conbrsissimum
794 1677 1075 1750 acsolutissimum
1086 1707 1156 1752 mo-

135 1815 205 1860 rem
240 1793 382 1862 correxit
410 1794 652 1888 ordinavitque,
686 1809 794 1865 motus
827 1797 947 1890 injuria
980 1803 1156 1888 senatoris,

134 1935 235 2005 quem
245 1911 391 1982 Puteolis
407 1937 466 2007 per
480 1912 705 1984 celeberrimos
719 1913 815 1984 ludos
829 1941 982 1986 consessu
994 1917 1155 2013 frequenti

138 2053 235 2098 neure
251 2046 425 2125 receperat.
449 2036 548 2102 Facto
563 2034 665 2128 igitur
687 2032 818 2102 decreto
832 2047 980 2128 patrum,
1000 2051 1056 2125 ut,
1074 2061 1155 2130 quo·

138 2150 198 2217 ties
221 2148 301 2240 quid
328 2148 504 2243 spectaculi
530 2175 668 2244 usquam
692 2149 821 2246 publice
843 2151 1007 2242 ederetur,
1031 2157 1156 2248 primns

138 2264 366 2336 snbselliorum
391 2267 474 2336 ordo
496 2283 626 2337 vacaret
655 2269 879 2356 senatoribus3
898 2275 1009 2340 Romae
1033 2269 1156 2367 legatos

139 2383 316 2454 liberarum
345 2386 569 2478 sociarumque
602 2388 748 2480 gentium
782 2389 887 2457 vetuit
919 2391 952 2456 in
985 2391 1152 2459 orchestra

141 2503 323 2602 considere,
337 2503 629 2597 quum,quosdam
647 2507 744 2572 etiam
762 2505 905 2574 libertini
922 2509 1047 2600 generis
1057 2511 1154 2595 mitti,

141 2622 409 2716 deprdrendisset.
438 2622 577 2692 Militem
609 2625 744 2692 secrevit
768 2649 787 2692 a
816 2625 949 2718 populo.
982 2628 1152 2696 Maritise

142 2741 234 2835 plebe
250 2741 400 2834 proprios
418 2741 548 2809 ordines
573 2743 749 2836 assignavit
766 2767 774 2808 :
791 2745 987 2836 praetextatis
1012 2767 1153 2811 cuneum

143 2881 255 2944 mum,
264 2871 297 2927 et
312 2860 497 2953 proximum
509 2857 694 2953 paedagogis
713 2883 721 2926 t
736 2860 925 2951 sanxitque,
943 2861 1073 2952 nequis
1086 2859 1156 2953 pul-

142 2975 285 3046 latorum
317 2975 422 3046 media
450 2999 548 3046 cavea
576 2977 710 3046 sederet.
738 2977 880 3044 Feminis
902 3001 944 3045 ne
963 2976 1155 3070 gladiatores

142 3094 290 3188 quidem,
307 3117 390 3187 quos
415 3095 597 3186 promiscue
621 3095 758 3187 spectari
785 3092 928 3162 solemne
958 3092 1040 3162 olim·
1069 3111 1155 3184 crat,

142 3214 205 3282 nisi
220 3237 261 3280 ex
283 3213 447 3306 superiore
469 3207 541 3281 loco
568 3225 714 3306 spectare
736 3215 893 3280 concessit
912 3211 998 3280 solis.
1015 3215 1156 3308 Virgini·

139 3331 203 3399 bns
219 3327 394 3399 vestalibus
407 3327 517 3420 locum
527 3331 560 3398 in
570 3331 699 3416 tbeatro
708 3331 896 3423 separatim,
906 3343 939 3398 et
953 3345 1066 3398 contra
1076 3355 1156 3425 prc-

139 3451 223 3520 toris
248 3447 393 3517 tribunal
416 3447 515 3517 dedit
542 3447 748 3518 Athletarum
774 3471 852 3516 vero
876 3447 1061 3541 spectaculo
1085 3473 1155 3516 rnu-

138 3566 243 3638 tiebre
274 3589 365 3634 secus
388 3587 502 3633 omnes
525 3564 607 3633 adeo
632 3565 826 3651 summovit,
854 3577 891 3632 ut
915 3563 1152 3658 pontificalibus

138 3683 230 3754 ludis
252 3681 401 3778 pugilum
431 3705 492 3775 par
521 3681 720 3775 postulatum
744 3680 907 3750 distulerit
932 3683 965 3748 in
993 3682 1154 3772 sequentis

136 3801 208 3870 diei
234 3802 431 3870 matutinum
460 3814 607 3894 tempus,
631 3799 848 3892 edixeritque,
871 3797 1051 3869 «Mulieres
1078 3811 1153 3865 ante

135 3921 256 3988 boram
274 3920 422 4012 quintam
439 3917 549 3986 venire
565 3919 598 3985 in
618 3917 799 4004 theatrum,
814 3941 880 3984 non
902 3915 1038 4008 placere.
1051 3945 1067 3978 o

186 4041 291 4107 XLV.
315 4039 390 4132 Ipse
412 4035 573 4105 circenses
596 4059 635 4102 cx
653 4036 830 4102 amicorum
858 4033 923 4100 lere
948 4031 1154 4101 libertorum·
