3098 5446
487 701 736 844 Tarus

555 1107 690 1128 -.-

97 1369 122 1432 I.
132 1311 282 1449 T1ms,
301 1363 499 1457 cognomine
521 1379 679 1459 paterno,
699 1388 794 1431 amor
812 1387 850 1432 ao
869 1361 994 1431 deliciae
1014 1363 1143 1455 generis

97 1485 238 1553 humaui
256 1481 399 1576 (tantum
423 1481 471 1551 illi
491 1481 533 1552 ad
552 1482 802 1578 promerendam
820 1485 971 1552 omnium
992 1480 1129 1552 volunta

97 1621 168 1674 tem
191 1603 244 1672 vel
267 1605 411 1698 ingenii,
435 1601 486 1673 vel
515 1606 615 1690 artis,
641 1601 692 1672 vel
715 1603 856 1672 sortunae
884 1603 1066 1698 supersuit;
1093 1618 1142 1688 et,

100 1725 195 1820 quod
211 1723 445 1793 difficillimum
458 1739 524 1808 est,
541 1725 575 1792 in
590 1725 748 1820 imperio,
763 1723 897 1817 quando
910 1726 1079 1819 privatus,
1094 1739 1146 1794 at-

96 1871 165 1939 que
184 1847 286 1946 etiam
306 1845 366 1913 sub
384 1860 478 1938 patre
495 1845 667 1938 principe,
690 1870 732 1913 ne
748 1843 827 1912 odio
843 1845 997 1938 quidem,
1020 1845 1143 1914 nedum

96 1967 346 2060 vituperatione
364 1963 496 2060 publica
519 1963 659 2058 caruit),
679 1980 777 2034 natus
799 1980 848 2034 est
869 1967 968 2034 tertio
987 1965 1143 2034 kalendas

94 2089 288 2183 januarias,
305 2089 426 2182 insigni
444 2087 668 2158 annoCaiana
681 2111 776 2174 nece,
788 2112 891 2181 prope
902 2089 1143 2182 Septizonium,

96 2207 245 2279 sordidis
259 2206 400 2294 aedibus,
416 2206 571 2276 cubiculo
582 2233 660 2275 vero
673 2232 837 2302 perparvo
847 2222 880 2276 et
890 2208 1033 2278 obscuro
1047 2234 1055 2276 τ
1069 2233 1143 2276 nam

93 2343 210 2399 manet
230 2329 339 2397 adhuc
360 2341 392 2397 et
408 2327 605 2397 ostenditur.

141 2453 191 2519 Π.
209 2449 380 2519 Educatus
405 2449 439 2516 iu
464 2445 540 2516 aula
568 2473 643 2516 cum
666 2450 859 2518 Britannico
884 2449 1003 2534 simul,
1024 2475 1063 2519 ae
1084 2476 1142 2544 pa·

94 2571 192 2639 ribus
218 2567 421 2664 disciplinis,
444 2582 477 2637 et
498 2567 586 2662 apud
609 2569 740 2637 eosdem
765 2571 938 2661 magistros
960 2571 1142 2638 institutus.

90 2695 174 2780 Quo
186 2689 324 2784 quidem
337 2705 501 2782 tempore,
518 2690 628 2773 aiunt,
643 2704 914 2783 metoposcopum
925 2741 935 2775 ,
946 2690 1143 2776 aNarcisso,

92 2810 234 2882 Claudii
256 2808 395 2895 liberto,
413 2808 618 2893 adhibitum,
641 2824 678 2894 ut
696 2810 924 2876 Britannicum
944 2810 1143 2902 inspiceret,

89 2930 366 3002 constantissime
376 2929 576 3016 affirmasse,
593 2926 686 2998 illum
700 2929 833 3022 quidem
848 2927 941 2998 nullo
958 2929 1074 3014 modo,
1093 2955 1144 3000 ce·

89 3069 207 3122 terum
226 3051 362 3134 Titum,
381 3052 438 3143 qui
454 3063 535 3118 tune
556 3075 660 3144 prope
678 3048 848 3137 adstabat,
868 3051 983 3143 utique
1001 3051 1143 3144 impera·

87 3188 225 3242 turum.
246 3174 352 3239 Erant
365 3184 476 3238 autem
492 3167 576 3238 adeo
594 3167 788 3255 familiares,
806 3183 841 3238 ut
855 3169 896 3237 de
912 3169 1143 3264 potione,qua

85 3291 312 3362 Britannicus
335 3289 454 3358 hausta
475 3289 593 3383 periit,
621 3291 718 3358 Titus
743 3314 878 3383 quoque
900 3291 995 3383 juxta
1016 3291 1143 3360 cubans

86 3427 248 3508 gustasse
265 3409 430 3495 credatur,
447 3411 607 3504 gravique
627 3410 746 3478 morbo
760 3409 937 3480 afflictatus
958 3411 1025 3479 diu.
1045 3413 1142 3499 Quo·

86 3560 171 3603 rum
187 3533 343 3601 omnium
362 3557 438 3600 mox
452 3555 591 3618 memor,
609 3545 751 3600 statuam
769 3532 799 3600 ei
816 3555 949 3601 auream
968 3534 1000 3600 iu
1016 3531 1142 3600 Palatio

82 3655 229 3748 posuit,
257 3667 289 3720 et
319 3650 457 3720 alteram
481 3677 520 3720 ex
544 3651 644 3720 ebore
672 3667 880 3745 equestrem,
906 3675 979 3746 quac
1003 3655 1142 3722 circensi

85 3797 226 3870 pompa
237 3771 404 3865 hodieque
415 3771 603 3866 praefertur,
613 3771 796 3860 dedicavit,
810 3788 1069 3868 prosecutusque
1082 3789 1142 3842 est.
1202 3753 1206 3759 Ι

137 3897 206 3964 111.
225 3897 265 3961 In
287 3919 389 3986 puero
404 3894 516 3962 statim
531 3879 681 3987 corporis
697 3895 866 3988 animique
879 3893 972 3962 dotes
990 3891 1142 3987 exsplen-

80 4016 260 4098 duerunt,
278 4015 450 4108 magisque
464 4038 504 4082 ac
518 4014 622 4107 magis
639 4012 793 4108 deinceps
810 4039 869 4108 per
884 4015 988 4082 aetatis
998 4013 1141 4108 gradus:

78 4137 205 4205 forma
230 4134 382 4228 egregia,
408 4150 441 4201 et
464 4134 518 4202 eui
542 4159 610 4202 non
635 4135 745 4205 minus
766 4135 974 4204 auctoritatis
996 4136 1142 4221 inesset,
