3114 5446
418 555 475 594 non
821 537 851 594 G
872 537 1047 596 stmmmr

418 663 571 756 deinceps
597 675 682 730 stato
707 660 761 729 die
792 663 968 754 quotannis
985 660 1078 730 miles
1098 661 1300 752 decurreret,
1319 661 1439 734 Gallia·

419 807 560 875 rumque
571 783 718 850 civitates
731 779 863 874 publice
877 779 1108 876 supplicarent.
1124 785 1286 851 Praeterea
1296 797 1440 869 senatus,

419 903 504 970 inter
515 899 579 970 alia
595 898 782 995 complura,
795 923 1016 971 marmoreum
1031 925 1144 970 arcum
1157 925 1233 970 curn
1245 903 1377 994 tropaeis
1392 904 1441 970 via

421 1022 526 1115 Appia
543 1019 701 1108 decrevit,
719 1035 752 1090 et
767 1020 956 1090 Germanici
969 1043 1151 1114 cognomen
1166 1021 1227 1114 ipsi
1240 1022 1441 1114 posterisque

420 1139 500 1234 ejus.
520 1141 632 1226 Fqisse
656 1153 768 1218 autem
793 1139 939 1208 creditur
967 1163 1034 1208 non
1052 1139 1162 1208 minus
1176 1138 1327 1233 gloriosi,
1344 1163 1441 1230 qnam

418 1257 523 1326 civilis
539 1259 651 1327 animi.
667 1260 755 1329 Nam
768 1281 808 1327 ex
818 1259 913 1328 hoste
926 1281 1027 1352 super
1044 1258 1198 1326 victorias
1222 1259 1333 1352 opima
1359 1283 1442 1351 quo-

418 1401 484 1471 quc
500 1375 604 1470 spolia
622 1392 783 1471 captasse,
795 1401 990 1470 summoque
1010 1377 1126 1470 saepius
1142 1373 1329 1447 discrimine
1346 1375 1444 1446 duces

418 1498 663 1566 Germanorum
693 1509 763 1565 tota
792 1498 861 1566 acie
887 1497 1065 1566 insectatus
1094 1521 1103 1565 :
1130 1519 1191 1564 nec
1225 1494 1445 1566 dissimulasse

419 1639 579 1708 unquam,
604 1617 843 1709 pristinumse
867 1614 1056 1708 reipublice
1081 1629 1217 1703 statum,
1243 1614 1444 1708 quandoque

417 1748 543 1828 posset,
561 1736 803 1804 restituturum.
821 1734 921 1804 Unde
938 1736 1105 1824 existimo,
1121 1733 1298 1805 nonnullos
1315 1734 1445 1804 tradere

418 1877 532 1942 ausos,
551 1869 740 1948 suspectum
759 1876 835 1924 eum
853 1858 1018 1948 Augusto,
1033 1868 1290 1948 reuocatumque
1308 1879 1347 1922 ex
1366 1879 1444 1947 pro·

418 1974 541 2058 vincia,
556 1988 610 2062 et,
623 1975 700 2066 quia
716 1989 942 2060 cunctaretur,
958 1975 1176 2068 interceptum
1191 1998 1329 2042 veneno.
1343 1974 1445 2063 Quod

419 2091 571 2184 equidem
591 2093 710 2186 magis,
729 2117 772 2161 ne
792 2093 1091 2186 praetermitterem,
1113 2091 1227 2181 retuli,
1247 2117 1344 2185 quam
1364 2096 1444 2186 quia

418 2233 532 2277 verum
548 2225 606 2278 aut
625 2209 797 2278 verisimile
814 2225 945 2305 putem3
962 2235 1066 2304 quum
1084 2213 1250 2304 Augustus
1272 2226 1445 2306 tantopere

418 2342 450 2397 et
467 2329 579 2398 vivum
594 2327 759 2415 dilexerit,
769 2343 806 2398 ut
819 2329 1012 2399 coheredem
1025 2355 1154 2424 semper
1165 2328 1240 2400 filiis
1254 2331 1447 2420 instituerit,

417 2449 503 2518 sicut
528 2447 694 2541 quondam
718 2449 752 2516 in
780 2463 897 2518 senatu
925 2449 1090 2542 professus
1117 2463 1183 2536 est,
1199 2463 1233 2517 et
1252 2447 1446 2520 defunctum

418 2568 463 2636 ita
476 2592 536 2660 pro
552 2570 710 2638 concione
727 2567 920 2657 laudaverit,
931 2583 968 2637 ut
978 2567 1055 2638 deos
1066 2583 1218 2662 precatus
1228 2569 1282 2654 sit,
1295 2597 1312 2632 α
1322 2568 1447 2638 similes

416 2689 446 2756 ei
460 2690 605 2758 Cesares
619 2693 694 2758 siros
708 2689 868 2776 lacerent,
882 2689 1009 2782 sibique
1023 2703 1090 2757 tam
1103 2689 1279 2762 honestum
1296 2689 1450 2782 quando·

417 2832 481 2898 que
494 2809 618 2878 exitum
639 2807 772 2896 darent,
787 2833 886 2900 quam
900 2806 948 2876 illi
969 2807 1143 2877 dedissent.
1153 2837 1170 2872 a
1188 2811 1260 2879 Nec
1269 2823 1448 2878 contentus

416 2925 557 3019 elogium
586 2926 714 2995 tumulo
740 2928 811 3020 ejus
829 2928 977 2996 versibus
999 2952 1020 2996 a
1040 2951 1075 2996 se
1100 2927 1288 3020 compositis
1316 2927 1450 2997 exscul-

417 3045 534 3136 psiase,
555 3045 655 3112 etiam
674 3047 749 3114 vitae
767 3047 958 3114 memoriam
975 3071 1073 3139 prosa
1084 3047 1233 3114 oratione
1245 3049 1448 3141 composuit.

417 3166 466 3230 Ex
492 3166 638 3232 Antonia
667 3165 794 3232 minore
822 3163 1007 3259 complures
1038 3164 1172 3258 quidem
1197 3165 1316 3235 liberos
1343 3166 1452 3253 tulit;

417 3307 532 3352 verum
563 3299 628 3352 tres
655 3286 792 3358 omniuo
815 3284 963 3379 reliquit,
988 3285 1240 3374 Germanicum,
1268 3283 1453 3371 Liuillam,

416 3400 604 3472 Claudium.

463 3525 506 3592 ΙΙ.
533 3523 691 3606 Claudius
708 3541 804 3620 natus
821 3513 888 3614 est,
905 3523 979 3594 Iulo
994 3526 1155 3613 Antonio,
1174 3525 1275 3594 Fabio
1288 3523 1454 3594 Ali-icano

416 3640 621 3730 consulibus,
647 3643 794 3714 kalendis
819 3645 982 3738 augustis,
1003 3643 1184 3738 Lugduni,
1212 3669 1251 3713 eo
1277 3645 1349 3738 ipso
1373 3643 1453 3730 die,

415 3786 481 3854 quo
492 3764 636 3856 primum
654 3765 766 3833 araibi
779 3767 928 3858 Augusto
945 3762 1095 3832 dedicata
1114 3778 1179 3852 est,
1195 3762 1454 3857 appellatusque

415 3882 564 3952 Tiberius
577 3882 735 3954 Claudius
749 3887 891 3980 Drusus.
905 3887 1002 3972 Mox,
1020 3883 1121 3954 fratre
1139 3885 1262 3978 majore
1276 3885 1311 3952 in
1322 3883 1452 3954 Iuliam

415 4001 571 4072 familiam
591 4003 765 4096 adoptato,
781 4005 974 4074 Germanici
998 4029 1182 4098 cognomen
1203 4005 1370 4074 assumsit.
1389 4007 1456 4073 In·

416 4120 487 4190 lans
506 4139 614 4193 antem
640 4123 771 4192 relictus
796 4151 814 4192 a
833 4139 941 4218 patre,
966 4149 1003 4193 ac
1023 4149 1081 4218 per
1095 4148 1193 4193 omne
1209 4123 1276 4194 lere
1294 4126 1455 4218 pueritiae
