3108 5434
435 533 489 592 aba
839 535 869 588 C.
891 533 1067 592 SUETONII

432 659 557 754 pedita,
574 656 816 755 exploratorem
835 658 913 746 viae,
934 660 1119 751 primarum
1138 658 1327 728 cohortium
1353 675 1465 730 centu·

432 778 576 866 monem,
592 792 733 847 stratum
752 777 847 848 humi
863 801 957 871 paene
970 777 1013 846 ad
1032 803 1147 847 necem
1162 778 1358 849 verberavit.

478 901 567 968 LXI.
595 899 675 966 Mox
699 899 734 964 in
761 921 858 965 omne
880 921 984 992 genus
1006 896 1211 967 crudelitatis
1232 898 1359 993 erupit,
1378 923 1465 968 nun·

431 1041 532 1112 quam
559 1017 730 1086 deficiente
746 1019 884 1086 materia
905 1043 913 1085 ε
933 1042 1037 1111 quum
1061 1018 1170 1111 primo
1194 1019 1326 1107 matris,
1344 1017 1465 1087 deinde

431 1150 589 1232 nepotum
601 1151 635 1206 et
644 1161 761 1223 nurus,
773 1150 940 1229 postremo
950 1137 1060 1230 Sejani
1072 1133 1248 1206 familiares
1258 1151 1357 1229 atque
1366 1138 1465 1206 etiam

430 1270 527 1326 notos
538 1271 800 1351 persequeretur.
814 1257 894 1324 Post
909 1255 1004 1348 cujus
1022 1255 1191 1324 interitum
1204 1252 1256 1323 vel
1270 1255 1465 1324 sevissimus

431 1376 573 1462 exstitit3
590 1392 658 1470 quo
674 1378 816 1445 maxime
832 1375 1003 1469 apparuit,
1022 1399 1090 1442 non
1104 1389 1171 1444 tam
1189 1377 1298 1468 ipsum
1310 1400 1331 1444 a
1344 1377 1464 1469 Sejano

432 1498 591 1566 concitari
614 1495 766 1583 solitum,
792 1519 893 1588 quam
916 1494 1072 1588 Sejanum
1096 1495 1255 1587 quaerenti
1277 1496 1468 1564 occasiones

431 1616 705 1684 subministrasse.
734 1616 805 1684 Etsi
834 1615 1108 1700 commentario,
1123 1637 1221 1706 quem
1250 1612 1291 1682 de
1315 1615 1384 1682 vita
1409 1639 1467 1682 sua

432 1737 620 1804 summatim
647 1735 856 1829 breviterque
880 1736 1084 1828 composuit,
1109 1757 1208 1804 ausus
1232 1748 1281 1802 est
1304 1733 1467 1820 scribere,

432 1853 617 1949 «Seianum
637 1881 671 1924 se
686 1858 839 1949 punisse,
860 1855 952 1948 quod
973 1855 1203 1948 comperisset,
1221 1853 1330 1922 furere
1349 1853 1467 1922 adver·

433 2001 489 2044 sus
507 1973 628 2044 liberos
647 1977 837 2046 Germanici
862 1973 920 2042 filii
939 1975 1010 2043 sui:
1026 2004 1043 2037 n
1062 1997 1203 2066 quorum
1225 1975 1294 2066 ipse
1311 1971 1467 2057 alterum,

432 2109 584 2188 suspecto
595 2096 680 2188 jam,
694 2093 855 2181 alterum,
869 2118 1026 2188 oppresso
1047 2093 1179 2162 demum
1196 2093 1332 2186 Sejauo,
1345 2094 1470 2161 interc-

433 2213 504 2282 mit.
530 2212 730 2308 Singillatim
754 2211 933 2281 crudcliter
955 2213 1043 2281 facta
1065 2213 1136 2304 ejus
1159 2213 1306 2305 exsequi,
1330 2210 1470 2307 longum

435 2350 484 2404 est
502 2361 510 2402 τ
526 2357 667 2428 genera,
684 2331 777 2401 velut
798 2327 1014 2425 exemplaria,
1034 2333 1163 2400 saevitiae
1183 2355 1398 2420 enumerare,
1419 2346 1471 2400 sat

435 2456 507 2522 erit.
520 2450 644 2523 Nullus
657 2477 676 2520 a
691 2476 787 2545 poena
799 2451 975 2519 hominum
986 2452 1125 2519 cessavit
1136 2449 1225 2538 dies,
1241 2475 1282 2520 ne
1297 2449 1471 2545 religiosus

435 2571 569 2665 quidem
599 2597 639 2640 ac
663 2594 764 2640 sacer.
790 2569 1066 2639 Animadversum
1092 2571 1127 2638 iu
1149 2569 1310 2662 quosdam
1335 2571 1472 2638 ineunte

435 2715 524 2760 auno
536 2714 624 2759 novo
639 2689 802 2760 :accusati
814 2687 1029 2782 damnatique
1042 2687 1139 2756 multi
1153 2713 1229 2756 cum
1246 2686 1356 2756 liberis
1370 2701 1474 2782 atquc

436 2812 535 2880 etiam
554 2810 715 2904 uxoribus
736 2809 813 2876 suis.
839 2806 1075 2893 Interdictum,
1102 2833 1143 2876 ne
1165 2809 1273 2901 capite
1295 2806 1475 2876 damnatos

435 2930 615 3023 propinqui
628 2927 781 3023 lugerent
793 2954 802 2994 t
813 2926 944 2996 decreta
958 2927 1203 2995 accusatoribus
1214 2925 1380 3021 precipua
1390 2951 1477 3020 prae·

435 3051 522 3134 mia,
546 3072 786 3140 nonuunquam
804 3060 837 3114 et
855 3046 1002 3115 testibus.
1024 3047 1157 3115 Nemini
1180 3045 1364 3114 delatorum
1389 3045 1477 3114 fides

436 3167 605 3261 abrogata.
631 3168 742 3234 Omne
763 3167 889 3234 crimen
913 3190 975 3258 pro
1003 3163 1136 3257 capitali
1160 3178 1349 3258 receptum,
1369 3168 1478 3235 etiam

436 3309 620 3380 paucorum
629 3283 895 3379 simpliciumque
904 3283 1278 3377 verborumobjectum
1287 3297 1338 3352 est
1347 3299 1479 3378 poetae,

437 3402 526 3498 quod
539 3406 573 3472 in
583 3402 742 3498 tragoedia
755 3406 1036 3499 Agamemnonem
1050 3402 1181 3496 probris
1195 3401 1398 3472 lacessisset:
1411 3405 1480 3474 ob-

433 3523 560 3616 jectum
577 3537 612 3592 et
623 3524 798 3611 historico,
814 3521 905 3616 quod
921 3526 1088 3591 «Brutum
1104 3522 1320 3615 Cassiumque
1334 3520 1481 3594 ultimos

436 3645 687 3712 Romanorumn
701 3642 851 3711 dixisset:
869 3641 1135 3710 animadversum
1152 3655 1202 3710 est
1217 3642 1326 3711 statim
1344 3643 1380 3711 in
1393 3669 1483 3714 auc·

438 3777 540 3851 tores,
559 3765 745 3856 scriptaque
756 3761 896 3846 abolita,
914 3764 1065 3854 quamvis
1078 3763 1300 3854 probarentur
1316 3776 1397 3832 aute
1414 3763 1485 3832 ali·

437 3897 519 3975 quot
537 3905 659 3969 annos,
677 3882 776 3950 etiam
795 3884 947 3976 Augusto
962 3881 1137 3966 audiente,
1154 3883 1299 3950 recitata.
1318 3883 1485 3970 Quibus·

440 4001 530 4090 dam,
557 4001 713 4073 custodiae
739 4001 886 4090 traditis,
909 4025 977 4070 non
1004 3999 1103 4068 modo
1135 3999 1289 4068 studendi
1315 3999 1486 4072 solatium

438 4119 623 4208 ademtum,
644 4121 821 4190 sedetiam
845 4121 1006 4190 sermonis
1028 4133 1061 4187 et
1081 4116 1238 4212 colloquii
1257 4143 1345 4189 usus.
1367 4122 1487 4192 citati
