3138 5438
438 493 453 528 a
843 475 873 528 C.
897 469 1070 526 sUuTonn

437 596 545 690 aliqua
566 595 753 686 conjectura
774 621 781 659 :
810 596 1008 674 Vincamus,
1029 615 1072 658 ae
1094 589 1157 658 sebi
1174 590 1332 660 baberent
1342 619 1354 676 ;
1373 595 1465 662 duraz·
1520 633 1523 640 ·

437 716 535 785 modo
551 717 692 794 scirent,
710 737 805 796 eum,
824 735 920 806 quem
939 711 1134 778 incolumem
1153 723 1247 776 tanto
1264 734 1360 806 opere
1376 737 1467 808 cupe-

437 849 508 912 rent
518 887 528 918 ,
549 831 750 928 quandoque
770 831 974 925 optrhrattiem
988 827 1147 926 partibus
1158 881 1168 912 ‚
1189 854 1278 922 quus
1297 855 1407 900 secum
1431 839 1468 900 si·

437 954 508 1024 miti
522 952 762 1042 defendissent,
785 952 888 1019 esct'tti)
898 951 1081 1038 futurum
1098 973 1177 1016 nam
1201 950 1334 1018 Coesart'
1353 951 1467 1018 multos

437 1075 568 1141 Martias
583 1073 697 1140 inesse.
773 1091 775 1095 ’

483 1193 525 1258 ll.
554 1188 725 1282 Stipendia
745 1189 853 1281 prima
876 1189 910 1254 in
936 1188 1010 1255 Asia
1034 1187 1132 1271 lecit,
1154 1189 1201 1254 Μ.
1228 1187 1362 1254 Thermi
1389 1211 1466 1279 pra-

436 1319 516 1382 toris
541 1309 782 1394 contubernio,
808 1334 827 1378 a
852 1333 919 1401 quo
947 1303 989 1374 ad
1018 1305 1244 1374 arcessendam
1272 1304 1407 1372 classem
1437 1307 1467 1374 in

435 1431 621 1524 Bithyniam
645 1429 780 1516 missus,
802 1427 926 1495 desedit
946 1425 1035 1518 apud
1054 1424 1288 1511 Nicomedem,
1310 1449 1376 1491 non
1400 1426 1467 1516 sinc

435 1574 567 1620 rumore
581 1561 752 1642 prostratae
769 1547 838 1640 regi
854 1545 1019 1638 pudicitia
1036 1570 1044 1612 :
1062 1569 1161 1636 quem
1179 1567 1347 1611 rumorem
1363 1547 1468 1630 auxit,

435 1673 521 1738 intra
540 1692 662 1762 paucos
682 1690 796 1738 rursus
817 1664 886 1732 dies
911 1665 1048 1756 repetita
1069 1663 1243 1756 Bithynia,
1261 1687 1320 1756 per
1338 1687 1468 1731 eausam

434 1786 601 1880 exigendae
635 1785 802 1878 pecuniae,
836 1805 909 1875 quae
942 1781 1118 1850 deberetur
1151 1781 1281 1848 cuidam
1317 1779 1479 1870 libertino,

436 1905 547 1973 clienti
568 1929 638 1972 suo.
658 1901 800 1994 Reliqua
820 1900 956 1986 militia,
976 1899 1170 1968 secundiore
1189 1899 1276 1968 fama
1296 1885 1379 1988 ¹fuit,
1398 1916 1432 1968 et
1452 1927 1471 1970 a

436 2025 580 2092 Thermo
613 2023 647 2089 in
679 2021 920 2114 expugnatione
951 2017 1185 2112 Mytilenarum
1215 2043 1338 2088 corona
1367 2021 1473 2090 civica

437 2142 577 2210 donatus
593 2153 651 2208 est.

485 2263 545 2329 111.
570 2261 697 2328 Meruit
722 2273 755 2328 et
775 2259 835 2328 sub
861 2256 1000 2328 Servilio
1024 2259 1169 2326 Isaurico
1194 2259 1229 2327 in
1251 2257 1386 2346 Cilicia,
1413 2262 1474 2330 sed

437 2381 529 2450 brevi
550 2394 709 2474 tempore.
730 2382 816 2448 Nam
839 2375 939 2446 Sulla
959 2391 1066 2444 morte
1088 2391 1276 2471 comperta,
1297 2377 1393 2448 simul
1412 2405 1475 2474 spe

438 2519 529 2569 novae
558 2499 788 2581 dissensionis,
815 2521 888 2590 quae
915 2519 974 2590 per
995 2499 1043 2566 Μ.
1070 2495 1232 2590 Lepidum
1259 2499 1475 2586 movebatur,

437 2625 577 2690 Romam
606 2639 747 2712 propere
775 2617 883 2686 rediit.
915 2619 956 2684 Et
983 2615 1100 2710 Lepidi
1129 2615 1263 2708 quidem
1294 2619 1475 2706 societate,

436 2763 636 2833 quamquam
652 2737 782 2830 magnis
799 2735 1044 2805 conditionibus
1060 2735 1271 2821 invitaretur,
1287 2735 1448 2806 abstinuit
1467 2766 1475 2806 :

437 2879 512 2928 cum
527 2857 660 2952 ingenio
673 2858 743 2949 ejus
759 2855 898 2940 diffisus,
914 2868 983 2922 tum
1000 2848 1179 2941 occasioni,
1192 2878 1292 2946 quam
1309 2855 1479 2924 minorem

438 2980 592 3072 opinione
605 2975 796 3046 offenderat.
1093 3047 1096 3054 Δ

486 3099 545 3165 IV.
571 3097 752 3178 Ceterum,
768 3096 949 3189 composita
969 3093 1129 3162 seditione
1151 3091 1260 3177 civili,
1278 3091 1484 3162 Cornelium

439 3212 667 3296 Dolabellam,
686 3214 891 3283 consularem
913 3227 946 3281 et
969 3211 1203 3307 triumphalem
1224 3213 1355 3298 virum,
1376 3237 1488 3308 repe·

440 3334 618 3402 bandarum
644 3333 822 3426 postulavit
847 3358 855 3400 :
880 3331 1116 3424 absolutoque,
1140 3331 1294 3402 Rhodum
1319 3333 1489 3403 secedere

440 3455 568 3540 statuit,
586 3466 619 3521 et
636 3454 677 3521 ad
694 3451 924 3522 declinandam
942 3453 1117 3537 invidiam,
1136 3466 1169 3520 et
1185 3465 1222 3520 ut
1237 3477 1295 3545 per
1312 3454 1426 3522 otium
1447 3481 1492 3524 ac

440 3573 586 3666 requiem
603 3571 779 3666 Apollonio
796 3569 945 3657 Moloni,
963 3570 1142 3640 clarissimo
1160 3586 1239 3640 tunc
1256 3571 1385 3640 dicendi
1411 3599 1496 3644 ma-

441 3693 563 3786 gistro,
582 3715 717 3784 operam
736 3691 839 3760 daret.
860 3694 934 3759 Huc
955 3689 1034 3758 dum
1054 3691 1199 3758 hibernis
1215 3692 1284 3783 jam
1305 3694 1496 3762 mensibus

378 3894 386 3902 ,
441 3811 581 3904 trajicit,
598 3811 683 3878 circa
701 3810 956 3890 Pharmacusam
973 3807 1115 3878 insulam
1130 3833 1150 3876 a
1167 3810 1374 3901 predonibus
1400 3837 1499 3908 cap-

443 3941 494 3996 tus
517 3941 567 3997 est
583 3953 591 3995 :
607 3929 794 4019 mansitque
819 3927 909 4019 apud
926 3951 1001 4012 eos,
1024 3951 1091 3994 non
1117 3929 1186 3994 sine
1209 3952 1338 3996 summa
1356 3928 1502 4024 digna.

434 4047 546 4132 ¹tione,
562 4071 664 4139 prope
680 4046 898 4137 quadraginta
913 4044 996 4128 dies,
1013 4071 1089 4114 cum
1105 4071 1173 4113 uno
1190 4046 1317 4114 medico
1333 4061 1366 4114 et
1381 4055 1505 4120 cubi-
