3098 5446
384 501 390 514 ·
440 481 475 550 sa
843 476 873 531 c
895 475 1072 532 sunroan

437 629 538 699 quam
551 604 682 699 gratie,
697 626 899 696 quamquam
914 625 1022 697 neque
1035 627 1175 697 procera
1188 618 1330 692 statura,
1347 619 1377 674 et
1391 629 1453 674 ven·

438 740 488 794 tre
510 722 612 820 paulo
632 724 849 819 projectiore3
868 724 1072 818 precipuum
1088 724 1202 812 robur,
1224 725 1379 794 memoria
1397 727 1452 794 sin·

438 845 580 942 gularis,
603 844 754 915 docilitas
775 845 817 915 ad
843 869 959 914 omnes
984 843 1052 914 fere
1075 858 1147 914 tum
1173 842 1271 935 belli,
1295 859 1365 916 tum
1381 849 1455 942 pacis

436 981 533 1037 artes.
553 970 731 1038 Armorum
752 981 786 1036 et
804 963 975 1060 equitandi
1001 965 1219 1060 peritissimus
1243 991 1252 1034 ε
1277 963 1375 1036 latine
1390 991 1457 1062 gra-

436 1112 540 1183 ceque
555 1085 607 1157 vel
622 1088 658 1156 in
670 1083 815 1173 orando',
830 1084 882 1153 vel
898 1087 932 1154 in
948 1083 1110 1180 lingendis
1122 1085 1346 1180 poematibus,
1356 1111 1455 1182 prom·

436 1223 489 1278 tus
507 1222 542 1278 et
560 1205 685 1294 facilis,
703 1207 745 1276 ad
763 1202 1083 1300 extemporalitatem
1100 1229 1206 1300 usque
1229 1231 1238 1275 ι
1259 1205 1318 1276 sed
1339 1231 1379 1276 ne
1393 1233 1458 1278 mu·

435 1331 511 1398 sicae
527 1327 662 1424 quidem
683 1327 793 1416 rudis,
810 1341 848 1396 ut
867 1328 924 1421 qui
944 1340 1092 1398 cantaret
1105 1341 1139 1396 et
1156 1323 1311 1425 psalleret
1327 1328 1460 1422 jucunde

434 1451 654 1543 scienterque.
675 1452 703 1520 E
719 1447 871 1544 pluribus
887 1448 1054 1546 comperi,
1073 1447 1161 1518 notis
1176 1472 1312 1544 quoque
1326 1449 1461 1546 excipere

433 1567 643 1640 velocissime
654 1567 809 1658 solitum,
825 1593 901 1638 cum
919 1568 1179 1638 amanuensibus
1194 1570 1262 1640 suis
1280 1593 1342 1664 per
1355 1567 1459 1640 ludum

430 1691 613 1787 jocumque
630 1705 835 1776 certantem,
854 1689 1044 1786 imitarique
1061 1689 1303 1786 chirographa,
1318 1715 1463 1784 quaecun-

434 1835 499 1907 que
516 1812 670 1899 vidisset,
687 1837 727 1882 ac
743 1836 829 1908 saepe
844 1811 1010 1908 profiteri,
1031 1835 1092 1880 use
1110 1811 1292 1882 maximum
1305 1809 1462 1882 falsarium

432 1957 503 2002 esse
519 1933 674 2028 potuisse.
686 1963 703 1998 a
1025 1917 1029 1924 ’
1282 1941 1284 1947 ’

482 2057 540 2126 1v.
561 2053 731 2124 Tribunus
744 2052 890 2124 militum
901 2067 936 2122 ct
952 2054 987 2122 in
1001 2054 1182 2124 Germania
1200 2066 1235 2122 et
1252 2053 1287 2122 in
1304 2053 1462 2124 Britannia

432 2177 575 2264 meruit,
591 2200 721 2246 summa
741 2173 932 2256 industriae,
950 2197 1010 2242 nec
1027 2174 1157 2243 minore
1177 2132 1347 2244 modestid
1363 2173 1462 2264 fama3

432 2296 520 2364 sicut
539 2309 680 2390 apparet
698 2309 732 2364 ct
754 2308 941 2363 statuarum
963 2307 998 2363 et
1018 2294 1201 2390 imaginum
1224 2294 1297 2387 ejus
1320 2292 1463 2364 multitu·

433 2415 530 2502 dine,
549 2439 588 2484 ac
604 2413 710 2484 titulis
727 2439 787 2509 per
803 2427 979 2508 utramque
989 2413 1206 2508 provinciam.
1220 2415 1300 2483 Post
1310 2415 1463 2510 stipendia

429 2537 504 2606 foro
530 2559 667 2630 operam
688 2532 795 2617 dedit,
818 2534 990 2604 honestam
1014 2535 1135 2628 magis,
1158 2557 1259 2630 Qum
1285 2525 1461 2605 assiduam:

430 2657 615 2751 eodemque
638 2670 787 2749 tempore
808 2652 1005 2724 Arricidiam
1022 2651 1227 2741 Tertullam,
1245 2668 1342 2748 patre
1360 2657 1463 2752 equite

429 2801 588 2864 romano,
609 2775 665 2846 sed
684 2774 838 2870 praefecto
858 2773 1029 2868 quondam
1046 2774 1324 2868 praetorianarum
1350 2775 1467 2846 cohor·

430 2902 530 2988 tium,
540 2898 782 2968 duxituxorem
795 2923 803 2965 ε
818 2911 851 2966 et
866 2896 900 2963 in
916 2893 1080 2964 defuncta
1090 2892 1201 2964 locum
1214 2897 1379 2966 Marciam
1388 2899 1467 2966 Fur·

409 3018 544 3087 ‘uillam
565 3016 729 3112 splendidi
759 3017 908 3113 generis3
934 3039 1011 3084 cum
1033 3040 1119 3109 qna,
1148 3013 1396 3106 sublatentis,
1423 3017 1470 3086 di·

430 3140 576 3208 vortium
611 3137 698 3206 fecit.
738 3141 786 3208 Ex
824 3150 999 3231 quaesturae
1032 3135 1153 3205 deinde
1183 3136 1312 3206 honore
1346 3135 1467 3238 legioni

429 3259 644 3352 prepositus,
665 3257 851 3327 Tarichaeas
869 3269 901 3324 et
915 3253 1111 3343 Gamalam,
1130 3255 1230 3326 urbes
1248 3259 1267 3326 J
1271 3255 1372 3328 udaeae
1387 3257 1467 3328 vali·

429 3380 597 3468 dissimas,
617 3380 649 3448 in
670 3393 873 3474 potestatem,
887 3376 1032 3472 redegit3
1051 3375 1137 3472 equo
1156 3377 1300 3472 quadam
1315 3381 1391 3448 acie
1410 3379 1466 3448 sub

428 3500 605 3570 feminibus
620 3501 757 3585 amisso,
777 3495 948 3592 alteroque
958 3499 1130 3586 inscenso,
1148 3499 1244 3592 cujus
1254 3513 1366 3569 rector
1381 3502 1467 3570 circa

429 3647 462 3691 sc
480 3621 641 3690 dimicans
657 3618 869 3690 occubuerat.
936 3644 941 3654 ·
1009 3601 1016 3616 ⁶

477 3745 519 3810 V.
534 3739 643 3810 Galba
656 3765 732 3810 mox
745 3754 878 3810 tenente
887 3737 1144 3834 rempublicam,
1158 3741 1277 3810 missus
1291 3741 1333 3811 ad
1350 3755 1468 3838 gratu·

429 3861 587 3949 landum,
611 3884 746 3954 quaqua
775 3862 855 3946 iret,
879 3861 1043 3930 convertit
1065 3860 1237 3945 homines,
1263 3863 1358 3955 quasi
1383 3861 1468 3930 ado·

429 3984 551 4076 ptionis
564 3983 670 4078 gratia
684 3995 914 4050 arcesseretur.
928 3979 994 4050 Sed
1005 3979 1061 4049 ubi
1077 3981 1205 4052 turbari
1216 4007 1331 4052 rursus
1344 3995 1470 4052 cuncta

429 4104 547 4190 sensit,
567 4101 665 4170 rediit
683 4127 722 4171 en
741 4103 859 4171 itinere
880 4127 887 4169 :
905 4101 1062 4194 aditoque
1079 4102 1214 4196 Paphiae
1235 4104 1376 4172 Veneris
1394 4125 1475 4174 ora·
