3098 5446
415 525 450 562 aa
820 502 852 562 C.
875 497 1060 559 SUETONII
1124 537 1128 548 .

415 647 486 721 est;
506 655 632 726 quum,
655 653 713 726 spe
732 625 890 723 colloquii
915 626 1022 714 lacta,
1050 627 1146 722 quasi
1170 627 1214 697 ad
1237 625 1453 700 conditionem

416 754 508 850 pacis
522 749 684 823 militibus
698 749 845 842 eductis,
860 773 902 819 ex
916 747 1119 844 improviso,
1134 763 1236 844 atque
1250 750 1285 819 in
1300 750 1370 845 ipsa
1382 773 1455 820 con·
1545 800 1548 829 ,

362 931 366 940 .
416 873 634 962 salutatione,
662 869 890 942 dimicandum
915 870 1039 940 fuisset.
1068 873 1119 941 Ac
1150 871 1264 940 statim
1297 870 1455 940 moriendi

416 996 579 1090 impetum
597 993 686 1089 cepit
700 1017 710 1062 r
725 1007 764 1061 ut
779 989 893 1080 multi,
914 1013 975 1060 nec
995 989 1135 1081 frustra,
1150 992 1343 1088 opinantur,
1358 993 1457 1087 magis

413 1115 562 1212 pudore,
582 1137 624 1183 ne
641 1126 737 1189 tanto
753 1135 868 1182 rerum
886 1111 1131 1206 hominumque
1146 1109 1299 1206 periculo
1313 1111 1458 1182 domina·

414 1239 540 1306 tionem
571 1234 634 1304 sibi
662 1255 808 1304 asserere
830 1245 1076 1328 perseveraret,
1102 1255 1204 1326 quam
1231 1231 1458 1326 desperatione

416 1354 507 1442 ulla,
526 1369 585 1426 aut
605 1353 794 1425 diffidentia
811 1354 985 1448 copiarum
1010 1377 1019 1422 ε
1043 1353 1170 1448 quippe
1196 1351 1357 1436 residuis,
1378 1353 1457 1422 inte·

416 1477 552 1572 grisque
571 1478 672 1547 etiam
688 1497 795 1562 nunc,
809 1499 893 1570 quas
907 1497 1019 1546 secum
1033 1471 1076 1544 ad
1091 1471 1256 1544 secundos
1270 1497 1367 1542 casus
1381 1472 1461 1542 deti·

417 1614 559 1685 nuerat,
577 1613 610 1668 et
624 1597 937 1694 supervenientibus
954 1594 1256 1680 aliiseDalmatia‚
1276 1595 1461 1664 Pannonia·

416 1743 483 1814 que
501 1734 537 1788 et
560 1720 679 1788 Moesia
699 1743 707 1788 ε
724 1743 767 1788 nc
784 1719 881 1788 victis
896 1717 1034 1813 quidem
1055 1715 1140 1786 adeo
1158 1715 1309 1800 afflictis,
1336 1730 1375 1784 ut
1397 1739 1461 1784 non

419 1841 454 1910 in
477 1837 640 1911 ultionem
659 1840 851 1936 ignominie
869 1837 1002 1932 quidvis
1018 1837 1219 1907 discriminis
1235 1833 1345 1925 ultro,
1363 1850 1396 1905 et
1413 1834 1462 1906 vel

328 2037 330 2042 ,
416 1958 494 2030 solta
512 1960 672 2030 subirent.

463 2085 508 2151 X.
528 2079 686 2150 Interfuit
706 2082 773 2151 hoc
793 2079 882 2151 bello
904 2094 1001 2176 pater
1027 2101 1121 2148 meus
1144 2079 1323 2147 Suetonius
1340 2078 1462 2162 Lenis,

415 2198 680 2271 tertiadecima
703 2199 843 2297 legionis
861 2201 1016 2270 tribunus
1033 2197 1305 2295 angusticlavius.
1327 2202 1362 2269 Is
1383 2222 1461 2267 mox

415 2320 541 2391 referre
555 2321 673 2391 crebro
689 2320 840 2408 solebat,
855 2322 1027 2392 Othonem
1049 2321 1150 2390 etiam
1167 2319 1336 2414 privatum
1355 2339 1461 2411 usque

415 2441 500 2512 adeo
516 2439 715 2511 detestatum
736 2439 847 2512 civilia
863 2467 977 2530 arma,
1002 2456 1064 2528 ut,
1091 2451 1298 2509 memorante
1318 2436 1461 2532 quodam

415 2561 504 2630 inter
527 2555 644 2658 epulas
664 2560 706 2631 de
723 2562 828 2633 Cassii
846 2563 1009 2656 Brutique
1024 2561 1136 2648 exitu,
1153 2559 1386 2630 cohor-ruerit:
1405 2582 1465 2628 nec

415 2705 659 2753 concursurum
686 2707 764 2753 cum
791 2681 902 2753 Galba
928 2683 1049 2770 fuisse,
1075 2681 1138 2750 nisi
1162 2679 1364 2768 confideret,
1390 2681 1463 2750 sine

416 2801 505 2873 bello
522 2829 596 2873 rem
617 2804 757 2900 transigi
777 2827 873 2898 posse
897 2825 905 2871 ε
931 2816 1013 2871 tunc
1032 2800 1074 2870 ad
1095 2799 1340 2896 despiciendam
1360 2802 1462 2870 vitam

415 2922 569 3020 exemplo
584 2921 805 3019 manipularis
816 2922 933 2992 militis
945 2923 1169 3011 concitatum,
1187 2923 1267 3017 qui,
1283 2945 1388 3016 quum
1401 2920 1466 2990 cla·
1547 2984 1548 2993 ,

333 3071 334 3074 ’
416 3042 493 3112 dem
505 3045 671 3113 exercitus
691 3045 885 3131 nunciaret,
904 3067 965 3114 nec
981 3045 1140 3139 cuiquam
1156 3042 1256 3112 iidem
1269 3041 1413 3126 laceret,
1428 3067 1466 3112 ac
1520 3121 1529 3143 Ι

418 3187 510 3232 nunc
523 3162 708 3251 mendacii,
724 3188 813 3233 nunc
828 3165 976 3254 timoris,
991 3166 1086 3260 quasi
1100 3164 1240 3259 fugisset
1253 3188 1293 3233 ex
1307 3163 1395 3250 acie,
1410 3187 1465 3232 ar·
1510 3165 1515 3185 ”

416 3297 588 3379 gueretur,
609 3283 721 3380 gladio
737 3298 815 3354 ante
831 3284 934 3380 pedes
950 3286 1021 3380 ejus
1041 3285 1240 3355 incubuerit.
1270 3287 1344 3354 Hoc
1365 3285 1440 3354 viso
1454 3270 1527 3378 ,ff

418 3403 641 3500 proclamasse
653 3430 746 3494 eum,
759 3407 885 3496 aiebat,
900 3407 1005 3476 «Non
1019 3404 1163 3502 amplius
1175 3429 1210 3475 se
1226 3407 1261 3474 in
1278 3403 1497 3550 periculo*-
1522 3453 1524 3456 <

418 3522 500 3594 tales
512 3539 650 3620 tamque
662 3526 895 3597 benemeritos
907 3527 1172 3622 conjecturum.»
1184 3529 1333 3595 Fratrem
1346 3526 1465 3620 igitur,
1494 3567 1496 3572 ·

418 3643 600 3740 lbatrisque
615 3645 738 3737 filium,
763 3659 797 3716 ct
815 3647 964 3744 singulos
988 3649 1172 3717 amicorum
1193 3647 1411 3736 cohortatus,
1429 3662 1470 3716 ut

419 3765 482 3834 sibi
500 3767 642 3861 quisque
666 3789 730 3863 pro
755 3765 914 3838 facultate
946 3767 1155 3857 consuleret,
1184 3767 1227 3837 ab
1254 3765 1413 3863 amplexu
1433 3783 1478 3862 et¹

417 3883 533 3956 osculo
550 3909 613 3956 suo
634 3887 761 3958 dimisit
775 3911 906 3977 omnes,
922 3904 1117 3984 secretoque
1130 3902 1246 3986 capto,
1261 3888 1360 3958 binos
1373 3866 1478 3958 cudi-⁵

418 4003 514 4075 cillos
525 4009 673 4076 manavit
688 4031 696 4076 t
711 4007 753 4077 ad
766 4033 916 4079 sororem
928 4009 1187 4099 consolatorios,
1201 4010 1260 4080 sed
1274 4025 1308 4080 st
1321 4010 1365 4081 ad
1379 4012 1471 4079 Mes·
1494 4022 1504 4081 .·‘

420 4121 559 4194 salinam
571 4127 731 4215 Neronis,
745 4151 843 4222 quam
858 4132 1072 4202 matrimonio
1088 4131 1286 4216 destinarat,
1303 4146 1494 4205 commen-t
1526 4213 1527 4217 Ἰ
