3108 5434
386 537 575 598 ocrnvlus
596 539 802 596 AUGUSTUS.
1080 543 1116 598 83

88 659 193 729 debinc
206 659 382 747 vehicula,
396 663 569 756 disposuit.
584 663 799 733 Commodius
813 661 846 731 id
860 665 966 732 visum
982 678 1046 752 est,
1063 681 1117 752 ut,

86 780 132 870 qni
146 805 166 847 a
180 778 260 848 loco
276 779 452 874 perferunt
471 781 611 866 litteras,
632 783 731 851 iidem
753 784 949 878 interrogari
968 805 1117 878 quoque,

86 899 199 993 siquid
217 924 274 968 res
292 901 441 995 exigant,
459 903 597 995 possint.

128 1022 165 1086 1.
189 1023 231 1088 ln
247 1019 505 1114 diplomatibus,
521 1019 704 1115 libellisque
719 1035 751 1090 et
767 1022 914 1117 epistolis
931 1024 1117 1118 signandis,

86 1141 170 1208 initio
188 1140 336 1234 sphinge
353 1165 433 1210 usus
452 1157 517 1227 est3
535 1165 612 1210 mox
630 1143 773 1236 imagine
788 1143 902 1237 Magni
920 1141 1117 1230 Alexandri3

86 1261 267 1329 mvissimc'
279 1285 358 1347 sua,
379 1261 585 1330 Dioscoridis
605 1285 706 1330 manu
726 1262 874 1356 sculpta,
897 1287 963 1356 qua
987 1266 1118 1358 signare

85 1380 217 1450 insecurti
242 1403 380 1474 qnoque
404 1382 569 1475 principes
595 1397 858 1474 perseverarunt.
883 1382 936 1452 Ad
963 1381 1118 1477 epistolas

84 1523 187 1568 omnes
203 1499 368 1568 horarum
385 1523 517 1594 quoquc
531 1515 715 1589 momenta,
730 1525 790 1569 nec
804 1501 868 1570 diei
883 1501 999 1589 modo,
1015 1501 1118 1572 sedet

83 1620 197 1706 noctis,
217 1619 343 1712 quibus
361 1617 445 1688 dctae
461 1620 740 1714 significarentur,
756 1620 907 1690 addebat.

123 1741 177 1809 LI.
206 1737 406 1810 Clementia
419 1737 651 1833 civilitatisque
665 1741 736 1833 ejus
751 1737 856 1809 multa
873 1755 906 1809 et
920 1765 1042 1837 magna
1058 1741 1118 1811 do·

83 1874 232 1928 tumenta
252 1873 342 1928 sunt.
362 1859 415 1928 Nc
433 1883 640 1945 enumerem,
660 1873 742 1952 quot
759 1873 793 1928 et
810 1883 893 1954 quos
913 1857 1115 1930 diversarum

84 1981 238 2072 partium
252 1981 352 2049 venia
364 1993 398 2048 et
410 1977 639 2048 incolumitate
651 1979 806 2068 donatos,
819 1981 1003 2075 principem
1018 1983 1116 2050 etiam

86 2101 266 2170 incivitate
288 2097 399 2170 locum
420 2115 533 2169 tenere
552 2123 668 2194 passus
688 2101 750 2187 sit;
769 2102 906 2170 Junium
926 2101 1114 2188 Novatum‚

82 2233 111 2287 et
125 2221 278 2291 Gessium
296 2221 508 2308 Patauinum,
525 2245 544 2288 e
560 2217 656 2314 plebe
672 2219 838 2305 homines,
856 2219 996 2289 alterum
1014 2245 1115 2315 pecu-

83 2339 145 2428 nie,
164 2337 313 2409 alterum
330 2337 394 2408 levi
412 2338 527 2409 exsilio
545 2341 664 2434 punire
683 2341 761 2409 satis
777 2341 894 2410 habuit
913 2367 921 2410 ε
939 2365 1044 2434 quum
1061 2339 1116 2410 illc

83 2462 234 2554 Agrippas
246 2459 381 2553 juvenis
397 2459 531 2528 nomine
547 2462 762 2553 asperrimam
779 2459 820 2529 de
838 2483 873 2530 se
887 2458 1059 2556 epistolam
1080 2461 1114 2529 in

84 2578 191 2674 vulgus
209 2579 385 2666 edidisset;
403 2580 457 2648 bic
474 2579 628 2648 convivio
642 2577 741 2674 pleno
758 2577 1004 2674 proclamasset,
1022 2583 1114 2651 «Ne-

81 2723 139 2794 que
150 2716 271 2770 votum
284 2699 347 2769 sibi
360 2723 468 2793 neque
481 2701 628 2769 animum
640 2699 764 2787 deesse,
777 2697 987 2768 confodiendi
1000 2723 1087 2767 eum.
1097 2729 1114 2763 s

81 2821 232 2910 Quadam
251 2845 332 2890 vero
348 2821 552 2915 cognitione,
568 2843 672 2914 quum
691 2817 823 2888 AEmilio
840 2817 969 2887 AEliano
986 2817 1114 2889 Cordu-

80 2941 166 3010 bensi
182 2944 274 3010 inter
290 2954 398 3009 cetera
412 2940 552 3010 crimina
568 2938 618 3008 vcl
634 2941 776 3008 maxime
792 2939 1007 3032 objiceretur,
1023 2937 1113 3032 quod

80 3060 159 3131 nale
180 3062 313 3156 opinari
330 3059 372 3130 de
389 3062 519 3130 Gaesare
537 3059 671 3147 soleret3
691 3083 868 3129 conversus
886 3058 928 3127 ad
945 3073 1114 3130 accusato·

79 3205 159 3269 rem,
178 3195 412 3274 commotoque
430 3178 561 3268 similis,
579 3179 758 3267 «Velim»
776 3179 900 3272 inquit,
922 3177 1012 3247 «hoc
1030 3177 1112 3246 mihi

78 3299 195 3392 probes
216 3327 225 3367 :
248 3299 381 3386 faciam,
401 3299 483 3368 sciat
500 3297 662 3387 AElianus,
680 3313 713 3366 et
732 3323 784 3366 mc
804 3297 952 3391 lingnam
973 3297 1113 3384 haberc3

76 3415 173 3510 plura
187 3419 278 3486 enim
294 3417 336 3486 de
352 3443 392 3488 co
410 3417 565 3510 loquar.»
582 3419 653 3486 Nec
666 3419 844 3510 quicquam
859 3415 962 3503 ultra,
978 3429 1037 3484 aut
1052 3430 1114 3484 sta·

75 3539 134 3606 tim
151 3553 211 3608 aut
227 3552 357 3632 postea,
376 3537 556 3632 inquisivit.
573 3538 706 3608 Tiberio
722 3559 855 3629 quoque
871 3535 912 3603 de
928 3533 1042 3603 eadem
1058 3559 1112 3621 re,

74 3659 130 3728 sed
149 3657 349 3746 violentius,
370 3657 459 3752 apud
482 3683 516 3728 se
537 3683 596 3753 per
616 3635 787 3754 epistolam
808 3655 1046 3748 conquerenti,
1067 3654 1112 3721 ita

75 3779 244 3874 rescripsit
262 3805 271 3846 :
289 3779 416 3848 «AEtati
432 3793 510 3867 tum,
529 3781 574 3847 mi
590 3777 716 3865 Tiberi,
735 3775 803 3846 noli
820 3777 855 3843 in
872 3775 933 3843 hac
949 3797 985 3842 rc
1002 3771 1112 3840 indul-

73 3925 169 3990 gere,
191 3913 224 3968 et
245 3899 385 3968 nimium
405 3897 587 3994 indignari,
607 3921 805 3992 quemquam
823 3919 906 3981 esse,
926 3893 1111 3988 quideme

74 4019 160 4088 male
177 4017 343 4113 loquatur.
364 4019 451 4088 Satis
467 4032 517 4087 est
533 4019 639 4105 enim,
659 4019 685 4086 si
703 4017 768 4086 hoc
784 4015 959 4100 habemus,
978 4036 1018 4080 ne
1035 4013 1110 4106 quis

75 4139 173 4207 nobis
193 4136 403 4208 malefacere
422 4139 563 4231 possit.»

956 4247 988 4319 6.
