3114 5446
421 485 477 543 alb
823 483 852 537 C
870 481 1045 538 sunwuu

419 609 524 682 multo
551 621 625 703 post
650 607 743 676 duxit
767 628 906 680 vuxoreru
934 602 1104 676 Octaviam
1136 628 1144 672 a
1179 603 1348 698 ediditque
1382 629 1439 701 pro

417 727 548 802 Claudii
565 723 669 800 salute
683 727 842 795 circenses
861 737 894 794 et
909 725 1127 794 venationem.

463 853 553 922 Vnt
571 846 806 944 Septemdecim
822 859 917 916 natus
928 869 1052 931 annos,
1067 859 1104 914 ut
1120 843 1161 915 de
1177 843 1317 916 Claudio
1332 845 1439 940 palam

416 973 536 1043 factm
562 983 632 1055 est,
649 967 736 1038 inter
753 967 869 1038 horam
889 981 1011 1050 sentam
1031 967 1267 1060 septimamque
1282 969 1440 1060 processit

415 1093 457 1162 ad
473 1089 675 1162 excubitores
687 1113 698 1176 ;
712 1111 815 1183 quum
832 1088 875 1158 ob
892 1089 994 1157 totius
1012 1086 1076 1156 diei
1091 1084 1256 1156 diritatem
1272 1111 1338 1156 non
1352 1086 1439 1170 alind

414 1208 604 1305 auspicandi
633 1223 761 1304 tempus
783 1205 1059 1277 accommodatius
1087 1205 1254 1275 videretur
1279 1231 1439 1300 :proque

413 1327 527 1424 palatii
539 1327 695 1423 gradibus
707 1327 887 1420 imperator
900 1323 1139 1412 consalutatus,
1150 1323 1265 1394 lectica
1275 1325 1307 1394 in
1317 1338 1440 1408 castra,

413 1462 447 1517 et
464 1447 541 1516 inde
555 1446 675 1540 raptim
689 1443 859 1542 appellatis
869 1443 1028 1513 militibus
1040 1444 1074 1511 in
1090 1443 1225 1512 Curiam
1235 1441 1363 1511 delatus
1377 1457 1440 1528 est,

413 1567 624 1660 discessitque
638 1565 706 1658 jam
726 1565 873 1657 vesperi,
890 1587 930 1631 ex
947 1561 1128 1648 immensis,
1144 1562 1264 1654 quibus
1290 1561 1440 1630 cumula·

413 1686 526 1770 batur,
544 1683 744 1768 honoribus,
769 1696 896 1752 tantum
922 1682 1024 1776 patris
1051 1681 1164 1776 patria
1189 1682 1323 1749 nomine
1347 1705 1442 1749 reeu-

412 1820 505 1890 sato,
521 1816 656 1897 propter
669 1815 806 1871 aetatem.

458 1927 520 1993 lx.
536 1927 639 1992 Orsus
656 1923 735 1990 hinc
750 1945 770 1989 a
783 1921 915 2015 pietatis
925 1921 1164 2006 ostentatione,
1179 1918 1376 2009 Claudium,
1389 1947 1442 2016 ap
1461 2001 1467 2014 ¹

414 2041 619 2136 paratissimo
636 2039 751 2108 sunere
766 2037 905 2122 elatum,
920 2037 1068 2108 laudavit
1084 2043 1362 2134 consecravitque.
1374 2045 1443 2112 Me·

411 2160 524 2228 moriar
549 2157 686 2226 Domitii
710 2158 812 2252 patris
840 2157 982 2226 honores
1006 2158 1166 2226 maximos
1194 2158 1319 2227 habuit.
1339 2162 1441 2229 Matri

413 2301 573 2347 summam
603 2277 752 2344 omnium
785 2299 896 2344 rerum
930 2273 1137 2368 publicarum
1171 2277 1442 2372 privatarumque

413 2396 571 2490 permisit.
586 2395 697 2463 Primo
711 2393 811 2462 etiam
827 2395 954 2486 imperii
970 2393 1022 2461 die
1041 2395 1171 2488 signum
1189 2395 1361 2464 excubanti
1381 2398 1440 2464 tri·

412 2513 504 2581 buno
522 2511 612 2582 dedit
628 2512 827 2606 «Optimam
846 2526 985 2581 matrem
1006 2535 1099 2580 :sac
1117 2511 1270 2606 deinceps
1291 2513 1440 2606 ejusdem

411 2656 495 2726 saepe
510 2629 624 2700 lectica
640 2655 698 2724 per
707 2629 877 2724 publicum
892 2627 988 2698 simul
1005 2643 1116 2699 vectus
1132 2645 1189 2699 est.
1205 2633 1340 2702 Antium
1352 2632 1441 2702 colo·

411 2751 499 2818 niam
514 2749 668 2834 deduxit,
685 2750 835 2842 ascriptis
855 2747 1017 2816 veteranis
1034 2771 1053 2814 e
1068 2749 1221 2840 praetorio
1232 2799 1242 2834 ,
1254 2747 1442 2843 additisque

410 2892 471 2962 per
500 2866 655 2936 domicilii
685 2865 931 2934 tmnslationem
959 2864 1127 2934 ditissimis
1154 2866 1439 2961 primipilarium:

409 2987 467 3056 ubi
484 3001 517 3055 et
533 3001 668 3080 portum
683 2986 792 3078 operis
812 2985 1060 3053 sumtuosissimi
1078 2983 1164 3054 feeit.

456 3107 498 3173 x
527 3108 654 3197 Atque,
674 3119 712 3172 ut
737 3104 909 3172 certiorem
931 3101 1040 3171 adhuc
1061 3101 1207 3172 indolem
1229 3103 1445 3192 ostenderet,

408 3247 477 3292 «eu
499 3223 639 3316 Augusti
666 3223 855 3317 praescripto
884 3219 1121 3314 imperaturum
1146 3245 1229 3307 se,a
1249 3222 1440 3316 professus,

407 3365 515 3434 neque
534 3339 755 3426 liberalitatis,
774 3363 882 3434 neque
900 3338 1096 3427 clementiae,
1116 3365 1176 3409 nec
1190 3343 1353 3409 comitatis
1367 3343 1441 3434 qui·

408 3459 482 3528 dem
507 3458 697 3528 exhibenda
719 3458 819 3527 ullam
836 3458 1039 3528 occasionem
1059 3458 1179 3526 omisit.
1198 3461 1362 3528 Graviora
1383 3485 1442 3528 ve-

406 3577 541 3673 ctigalia
564 3592 622 3646 aut
646 3577 806 3664 abolevit,
833 3586 892 3646 aut
919 3578 1050 3646 minuit.
1082 3577 1219 3644 Praernia
1251 3576 1440 3646 delatorum

405 3698 513 3790 Papiae
540 3695 619 3792 legis
643 3695 685 3765 ad
715 3711 847 3790 quartas
863 3695 997 3790 redegit.
1021 3695 1141 3764 Divisis
1163 3693 1287 3790 populo
1310 3697 1439 3765 viritim

405 3815 638 3910 quadringenis
665 3817 827 3898 nummis,
851 3829 1038 3884 senatorum
1061 3811 1265 3882 nobilissimo
1292 3815 1440 3907 cuique,

406 3933 463 4002 sed
474 3959 493 4002 a
505 3957 541 4002 re
558 3933 709 4002 familiari
721 3933 894 4021 destituto,
910 3958 1018 4003 annua
1033 3931 1170 4018 salaria,
1186 3946 1220 4001 et
1234 3931 1436 4024 quibusdam

405 4051 586 4146 quingena,
603 4053 775 4122 constituit
795 4079 803 4120 ε
822 4053 899 4121 item
922 4053 1124 4146 praetorianis
1145 4049 1339 4120 cohortibus
1368 4051 1441 4120 fru-
