3168 5440
445 495 500 552 156
906 501 1031 557 NOTAE-

442 614 671 670 mbnodvertere.
682 615 746 672 lloc
760 615 832 690 quid
847 615 946 687 fuerit,
960 616 1083 690 explicat
1098 615 1211 687 Senen,
1226 617 1321 691 apat.
1337 635 1398 672 ante
1410 617 1467 674 :nii
1540 590 1541 599 .

443 706 589 762 consulem
603 704 719 779 videro,
734 717 784 764 aut
804 719 971 782 pratorem,
985 709 1080 766 onmia
1094 708 1201 784 quibas
1213 709 1309 765 bonor
1326 709 1416 766 baberi
1427 729 1465 766 ιο-

444 797 495 868 let,
509 797 609 856 faciam
625 819 632 855 :
649 818 726 874 equo
741 800 883 873 desiliam,
897 813 984 876 capnt
997 802 1176 877 adapertum,
1189 804 1287 858 semita
1301 801 1422 859 cedam.»

486 893 675 968 Aseaeagc'nto
685 896 817 967 amplios.
827 897 939 952 llornrn
947 895 1063 952 nomina
1072 895 1186 972 collegit
1197 895 1358 952 casaubon.
1367 895 1431 952 adb.
1441 898 1471 964 l.;
1544 952 1545 976 q

446 985 496 1042 sed
514 1003 551 1040 ex
564 985 698 1059 Appiano
712 988 905 1062 supplendum
920 999 948 1046 et
962 988 1165 1064 corrigendum
1178 999 1275 1044 monet
1289 989 1331 1044 Cl.
1346 989 1423 1043 llose.
1544 977 1546 1070 ζ

487 1076 620 1132 Partibus
639 1079 746 1166 divisa
765 1081 800 1136 Η.
815 1099 840 1137 e.
859 1080 920 1137 aliis
934 1099 1020 1155 super
1033 1089 1140 1154 ponte,
1153 1079 1214 1137 aliis
1227 1081 1282 1138 sub
1295 1089 1383 1154 ponte
1395 1081 1473 1137 collo·
1546 1134 1547 1162 q

445 1168 523 1226 eatis.
1546 1165 1547 1168 ’

486 1261 583 1317 Ponte.
606 1263 640 1318 ll.
665 1282 689 1318 e.
710 1275 800 1338 ponte
819 1266 961 1333 tabulato,
985 1266 1015 1322 in
1037 1285 1140 1340 campo
1158 1265 1263 1322 Martio
1281 1265 1475 1334 exsnncmstn

446 1371 531 1428 quem
546 1353 737 1412 ascendebant
756 1356 873 1434 singulae
886 1377 939 1432 per
956 1357 1047 1414 ricem
1060 1358 1152 1415 tribus
1165 1356 1299 1430 suffragia
1312 1356 1420 1425 laturae,
1433 1357 1477 1412 da-
1549 1406 1550 1416 .

446 1444 540 1520 tisque
560 1447 704 1524 suffragiis
718 1447 748 1504 in
769 1461 897 1506 montem
912 1451 1045 1506 coortam
1059 1447 1106 1527 (al.
1128 1445 1315 1525 citatorum),
1330 1447 1380 1524 qui
1396 1447 1479 1505 dextri
1550 1496 1551 1512 ,

447 1537 540 1611 campi
554 1539 651 1594 Martii
665 1540 760 1598 lateris
774 1553 884 1616 partem
905 1542 1070 1616 occupavit,
1088 1541 1255 1598 transibant.
1551 1586 1552 1608 ,

491 1629 614 1686 Theatra.
630 1631 689 1689 Ubi
698 1643 766 1690 tune
775 1634 837 1690 ludi
851 1633 1039 1710 agitabantur.
1055 1633 1193 1709 Appian,
1208 1634 1243 1687 B.
1259 1631 1305 1699 C.‚
1322 1649 1400 1706 rr,p.
1417 1629 1482 1688 500:

448 1736 511 1787 Θίαι
520 1729 546 1785 d'
556 1731 620 1791 loce
635 1735 659 1786 ia
668 1727 704 1802 τῷ
717 1734 846 1806 llopnnlec
862 1737 964 1806 θεάτρῳ.

492 1815 613 1874 stanam.
627 1817 756 1891 Pompeii
770 1819 883 1875 theatro
896 1818 1028 1893 proxima
1042 1819 1096 1875 fuit
1114 1819 1160 1875 illa
1171 1818 1257 1876 Curia
1270 1815 1427 1895 (Areten,
1440 1815 1485 1872 ubi

448 1907 536 1984 sup),
563 1909 594 1963 in
614 1926 672 1983 qua
685 1912 806 1968 Senatus
824 1911 925 1968 baberi
939 1911 1039 1968 solitus
1064 1921 1140 1983 erat,
1161 1911 1266 1986 quibus
1285 1909 1387 1966 diebus
1408 1909 1439 1964 in
1457 1928 1487 1965 eo

448 2003 559 2059 theatro
573 2004 734 2075 spectacula
746 2003 965 2076 exhibebantur,
982 2023 1018 2061 ex
1032 2004 1097 2061 eod.
1111 2004 1252 2078 Appian,
1265 2001 1336 2058 ibid.

495 2095 624 2166 Tempus.
639 2094 675 2150 ll.
691 2111 716 2150 e.
731 2093 796 2150 idus
809 2095 924 2152 martias
945 2115 1008 2172 quae
1021 2095 1150 2152 hilariter
1162 2095 1209 2171 agi
1221 2094 1366 2164 solebant,
1376 2103 1489 2166 propter

390 2181 394 2192 ’
448 2190 538 2246 anns
545 2189 678 2242 Perenna
691 2186 811 2258 festum,
827 2188 857 2244 in
870 2207 930 2264 quo
944 2188 1116 2266 largioribus
1129 2189 1241 2264 poculis
1254 2185 1453 2262 indulgebant,
1466 2195 1489 2240 et

448 2297 504 2354 pro
532 2279 698 2354 cyathorum
726 2298 847 2336 nurnero
868 2299 958 2339 annos
980 2281 1034 2339 sibi
1056 2282 1249 2356 precabantur
1268 2279 1403 2336 Romani.
1423 2277 1488 2332 Vide

450 2371 557 2442 orm,
572 2372 666 2438 Fara,
682 2391 735 2442 ιιι,
751 2370 817 2430 5ι3.

490 2463 557 2520 Cat.
576 2461 714 2520 Lxxxl.
730 2465 808 2538 Lege
820 2463 909 2520 lulio.
928 2466 972 2522 De
985 2467 1038 2522 bae
1051 2467 1114 2542 lege
1126 2465 1200 2534 lata,
1214 2463 1280 2520 vide
1297 2479 1402 2536 suma,
1416 2479 1459 2516 xx.

493 2551 610 2630 capue.
629 2555 678 2612 Sil.
692 2557 771 2628 Ital,
787 2575 813 2628 1,
832 2571 908 2631 179:

752 2747 780 2762 ..
793 2747 801 2762 .
814 2745 823 2762 .
835 2711 881 2762 Cui
892 2710 991 2762 nomina
1004 2710 1075 2778 liquit

558 2796 581 2843 Δ
591 2797 652 2845 Jove
663 2793 734 2844 ducta
746 2797 840 2862 Capys,
853 2810 940 2860 magno
951 2803 1065 2862 cognatio
1078 2794 1140 2846 lulo.

492 2936 643 2991 Pmctine's.
658 2937 694 2994 Η.
711 2955 734 2992 e.
751 2935 865 2992 Caesaris
879 2953 979 2990 necem
988 2936 1121 3007 proxime
1135 2931 1383 2990 antecedentibus.

494 3029 686 3086 consecrarat.
701 3028 840 3084 Absolute
854 3027 978 3097 dictum3
993 3046 1047 3083 usu
1065 3028 1192 3084 hnmano
1206 3036 1358 3082 exemerat

493 3120 582 3176 Flere.
597 3119 681 3190 Plin,
696 3121 732 3174 H.
750 3120 787 3175 N.
793 3161 802 3188 ,
817 3120 942 3191 cunct,
958 3140 966 3176 ι
982 3120 1179 3195 «Prasagiunt
1192 3117 1263 3195 (scil.
1274 3115 1355 3193 equi)
1363 3129 1491 3190 pugnam,

452 3221 482 3268 et
497 3210 612 3268 emisam
629 3212 729 3288 lugent
742 3211 890 3284 dominos,
904 3213 1099 3288 lacrymasque
1113 3211 1257 3268 interdum
1271 3208 1415 3266 desiderio
1429 3205 1491 3260 iun·

454 3300 559 3360 duni.»

493 3401 577 3458 duct.
598 3399 686 3470 Plin,
700 3401 737 3455 H.
753 3399 805 3466 N„
820 3417 914 3470 xviri,
930 3396 981 3468 ab,
995 3399 1088 3454 Casae
1101 3398 1160 3472 ipae
1178 3398 1294 3452 martias
1309 3394 1375 3450 idas
1388 3391 1440 3448 sibi
1454 3389 1493 3443 fe-

453 3495 527 3553 rales
544 3502 731 3550 annotaverat
745 3492 911 3567 Scorpionis
925 3511 1036 3548 occasu

496 3585 652 3661 Calprumio
673 3597 756 3640 uror:
779 3585 866 3655 Vell.‚
890 3603 933 3654 ιι,
952 3583 987 3655 57
1009 3603 1016 3639 ι
1041 3606 1054 3634 e
1072 3584 1108 3638 Et
1128 3599 1203 3636 uxor
1225 3581 1381 3654 Calpurnia
1403 3573 1492 3630 territa

454 3689 597 3736 nocturno
610 3669 690 3749 visu,
705 3685 738 3732 ut
752 3693 784 3734 ea
798 3675 845 3732 die
860 3675 938 3731 domi
952 3675 1131 3741 subsisteret,
1147 3673 1258 3728 orabat.
1277 3697 1289 3721 ν

497 3771 659 3845 Fasa'gcitm.
683 3767 743 3825 Etsi
764 3768 820 3824 boc
840 3768 1011 3840 templorum
1030 3765 1148 3840 proprie
1169 3760 1386 3842 erat(‘l'ac1r.,
1407 3757 1492 3814 ΗΜ,

457 3881 510 3934 ιιι,
525 3858 564 3940 7),
580 3871 675 3917 tamen
689 3859 764 3916 inter
777 3860 903 3916 bonores
916 3857 1030 3914 divinos
1044 3855 1147 3912 Caesari
1168 3855 1261 3911 luerat
1282 3853 1424 3910 decretum
1436 3843 1491 3916 so·

456 3955 571 4030 sugc'um
587 3953 618 4009 in
631 3953 729 4010 domo.
743 3951 850 4020 Fron,
866 3969 910 4020 rr,
927 3969 952 4004 a.

500 4043 679 4118 Quintafere
696 4043 777 4100 hora.
796 4045 831 4100 ll.
847 4061 871 4097 c.
897 4041 1010 4097 circiter
1027 4039 1203 4095 undecimam
1227 4047 1365 4102 nostram,
1379 4051 1411 4088 ex
1427 4037 1490 4084 nota

458 4137 516 4197 diei
529 4137 668 4196 divisione
682 4137 712 4193 in
726 4135 878 4192 duodecim
892 4137 993 4206 horas,
1009 4133 1160 4207 noctisque
1174 4131 1204 4186 in
1221 4130 1349 4186 totidem.
