<?xml version="1.0" encoding="UTF-8"?>
<!DOCTYPE html PUBLIC "-//W3C//DTD XHTML 1.0 Transitional//EN"
    "http://www.w3.org/TR/xhtml1/DTD/xhtml1-transitional.dtd">
<html xmlns="http://www.w3.org/1999/xhtml" xml:lang="en" lang="en">
 <head>
  <title>
</title>
<meta http-equiv="Content-Type" content="text/html;charset=utf-8" />
  <meta name='ocr-system' content='tesseract 3.04.00' />
  <meta name='ocr-capabilities' content='ocr_page ocr_carea ocr_par ocr_line ocrx_word'/>
</head>
<body>
  <div class='ocr_page' id='page_1' title='image "./caiisuetonitran00grosgoog_0488.png"; bbox 0 0 3164 5442; ppageno 0'>
   <div class='ocr_carea' id='block_1_1' title="bbox 452 461 1169 526">
    <p class='ocr_par' dir='ltr' id='par_1_1' title="bbox 452 461 1169 526">
     <span class='ocr_line' id='line_1_1' title="bbox 452 461 1169 526; baseline 0.011 -9"><span class='ocrx_word' id='word_1_1' title='bbox 452 462 492 517; x_wconf 80' lang='grc' dir='ltr'><strong>ΙΝ</strong></span> <span class='ocrx_word' id='word_1_2' title='bbox 515 461 599 520; x_wconf 84' lang='lat' dir='ltr'><strong>OCT.</strong></span> <span class='ocrx_word' id='word_1_3' title='bbox 621 463 842 521; x_wconf 76' lang='lat' dir='ltr'><strong>AUGUSTUM.</strong></span> <span class='ocrx_word' id='word_1_4' title='bbox 1115 466 1169 526; x_wconf 79' lang='lat'><strong>183</strong></span> 
     </span>
    </p>
   </div>
   <div class='ocr_carea' id='block_1_2' title="bbox 133 590 1173 862">
    <p class='ocr_par' dir='ltr' id='par_1_2' title="bbox 133 590 1173 862">
     <span class='ocr_line' id='line_1_2' title="bbox 133 590 1173 672; baseline 0.008 -21"><span class='ocrx_word' id='word_1_5' title='bbox 133 590 305 670; x_wconf 62' lang='lat' dir='ltr'><strong>intepuistis</strong></span> <span class='ocrx_word' id='word_1_6' title='bbox 325 598 349 650; x_wconf 81' lang='lat' dir='ltr'><strong>ul</strong></span> <span class='ocrx_word' id='word_1_7' title='bbox 360 618 389 650; x_wconf 79' lang='grc' dir='ltr'><strong>τι</strong></span> <span class='ocrx_word' id='word_1_8' title='bbox 406 599 474 652; x_wconf 65' lang='grc' dir='ltr'>ἄλλοι</span> <span class='ocrx_word' id='word_1_9' title='bbox 492 601 551 672; x_wconf 71' lang='grc' dir='ltr'><strong>πρὸς</strong></span> <span class='ocrx_word' id='word_1_10' title='bbox 563 601 618 660; x_wconf 72' lang='grc' dir='ltr'><strong>τοὺς</strong></span> <span class='ocrx_word' id='word_1_11' title='bbox 634 601 836 671; x_wconf 68' lang='grc' dir='ltr'><strong>ίλιυθιρομίνους,</strong></span> <span class='ocrx_word' id='word_1_12' title='bbox 854 599 896 654; x_wconf 79' lang='lat' dir='ltr'><strong>itai</strong></span> <span class='ocrx_word' id='word_1_13' title='bbox 914 601 984 655; x_wconf 73' lang='grc' dir='ltr'><strong>αὐτοὶ</strong></span> <span class='ocrx_word' id='word_1_14' title='bbox 1008 603 1029 654; x_wconf 84' lang='lat' dir='ltr'><strong>ul</strong></span> <span class='ocrx_word' id='word_1_15' title='bbox 1047 598 1173 658; x_wconf 68' lang='lat' dir='ltr'><strong>dionisus</strong></span> 
     </span>
     <span class='ocr_line' id='line_1_3' title="bbox 134 691 478 762; baseline 0.006 -20"><span class='ocrx_word' id='word_1_16' title='bbox 134 698 191 760; x_wconf 78' lang='grc' dir='ltr'><strong>σφῠν</strong></span> <span class='ocrx_word' id='word_1_17' title='bbox 207 693 329 761; x_wconf 72' lang='grc' dir='ltr'>γινόμενοι</span> <span class='ocrx_word' id='word_1_18' title='bbox 341 691 478 762; x_wconf 70' lang='grc' dir='ltr'>χρήσοιντο.</span> 
     </span>
     <span class='ocr_line' id='line_1_4' title="bbox 171 788 946 862; baseline 0.005 -19"><span class='ocrx_word' id='word_1_19' title='bbox 171 789 386 844; x_wconf 87' lang='lat' dir='ltr'><strong>Immunitotern.</strong></span> <span class='ocrx_word' id='word_1_20' title='bbox 400 788 467 846; x_wconf 91' lang='lat' dir='ltr'><strong>Scil.</strong></span> <span class='ocrx_word' id='word_1_21' title='bbox 485 807 523 845; x_wconf 84' lang='lat' dir='ltr'><strong>ne</strong></span> <span class='ocrx_word' id='word_1_22' title='bbox 540 789 661 862; x_wconf 86' lang='lat' dir='ltr'><strong>posthac</strong></span> <span class='ocrx_word' id='word_1_23' title='bbox 681 799 754 860; x_wconf 85' lang='lat' dir='ltr'><strong>esset</strong></span> <span class='ocrx_word' id='word_1_24' title='bbox 768 789 946 847; x_wconf 84' lang='lat' dir='ltr'><strong>tributarius.</strong></span> 
     </span>
    </p>
   </div>
   <div class='ocr_carea' id='block_1_3' title="bbox 130 895 1174 1629">
    <p class='ocr_par' dir='ltr' id='par_1_3' title="bbox 131 895 1174 1417">
     <span class='ocr_line' id='line_1_5' title="bbox 167 895 1173 970; baseline 0.007 -20"><span class='ocrx_word' id='word_1_25' title='bbox 167 896 255 952; x_wconf 82' lang='lat' dir='ltr'><strong>lusto.</strong></span> <span class='ocrx_word' id='word_1_26' title='bbox 268 895 340 965; x_wconf 78' lang='lat' dir='ltr'><strong>Quae</strong></span> <span class='ocrx_word' id='word_1_27' title='bbox 358 895 483 953; x_wconf 87' lang='lat' dir='ltr'><strong>dabatur</strong></span> <span class='ocrx_word' id='word_1_28' title='bbox 501 914 586 950; x_wconf 81' lang='lat' dir='ltr'><strong>censu</strong></span> <span class='ocrx_word' id='word_1_29' title='bbox 591 935 601 963; x_wconf 92' lang='lat'><em>,</em></span> <span class='ocrx_word' id='word_1_30' title='bbox 626 896 774 963; x_wconf 75' lang='lat' dir='ltr'><strong>vindicta,</strong></span> <span class='ocrx_word' id='word_1_31' title='bbox 796 907 974 952; x_wconf 84' lang='lat' dir='ltr'><strong>testamento.</strong></span> <span class='ocrx_word' id='word_1_32' title='bbox 995 897 1068 955; x_wconf 84' lang='lat' dir='ltr'>Vide</span> <span class='ocrx_word' id='word_1_33' title='bbox 1091 902 1173 970; x_wconf 76' lang='lat' dir='ltr'><strong>Ciu,</strong></span> 
     </span>
     <span class='ocr_line' id='line_1_6' title="bbox 132 979 1172 1064; baseline 0.007 -21"><span class='ocrx_word' id='word_1_34' title='bbox 132 989 158 1043; x_wconf 89' lang='lat' dir='ltr'><strong>in</strong></span> <span class='ocrx_word' id='word_1_35' title='bbox 173 989 256 1063; x_wconf 61' lang='lat' dir='ltr'><strong>Yop„</strong></span> <span class='ocrx_word' id='word_1_36' title='bbox 273 1007 298 1045; x_wconf 91' lang='lat' dir='ltr'><strong>c.</strong></span> <span class='ocrx_word' id='word_1_37' title='bbox 317 1007 352 1045; x_wconf 85' lang='lat' dir='ltr'><strong>tt.</strong></span> <span class='ocrx_word' id='word_1_38' title='bbox 371 991 417 1045; x_wconf 89' lang='lat' dir='ltr'><strong>De</strong></span> <span class='ocrx_word' id='word_1_39' title='bbox 429 979 619 1045; x_wconf 76' lang='lat' dir='ltr'><strong>libertinorum</strong></span> <span class='ocrx_word' id='word_1_40' title='bbox 632 1001 725 1056; x_wconf 86' lang='lat' dir='ltr'><strong>statu,</strong></span> <span class='ocrx_word' id='word_1_41' title='bbox 741 987 781 1054; x_wconf 84' lang='lat' dir='ltr'><strong>sic</strong></span> <span class='ocrx_word' id='word_1_42' title='bbox 794 991 944 1045; x_wconf 84' lang='lat' dir='ltr'><strong>Iustinian.</strong></span> <span class='ocrx_word' id='word_1_43' title='bbox 959 993 1066 1060; x_wconf 77' lang='lat' dir='ltr'><strong>Instit,</strong></span> <span class='ocrx_word' id='word_1_44' title='bbox 1085 1012 1114 1064; x_wconf 88' lang='lat'><strong>1,</strong></span> <span class='ocrx_word' id='word_1_45' title='bbox 1129 995 1147 1053; x_wconf 83' lang='lat'>5</span> <span class='ocrx_word' id='word_1_46' title='bbox 1165 1015 1172 1049; x_wconf 93' lang='lat'>:</span> 
     </span>
     <span class='ocr_line' id='line_1_7' title="bbox 132 1079 1172 1153; baseline 0.005 -15"><span class='ocrx_word' id='word_1_47' title='bbox 132 1081 203 1151; x_wconf 77' lang='lat' dir='ltr'><strong>«Qui</strong></span> <span class='ocrx_word' id='word_1_48' title='bbox 215 1081 498 1152; x_wconf 69' lang='lat' dir='ltr'><strong>manumittebantur,</strong></span> <span class='ocrx_word' id='word_1_49' title='bbox 509 1082 600 1138; x_wconf 89' lang='lat' dir='ltr'><strong>modo</strong></span> <span class='ocrx_word' id='word_1_50' title='bbox 613 1081 750 1153; x_wconf 89' lang='lat' dir='ltr'><strong>majorem</strong></span> <span class='ocrx_word' id='word_1_51' title='bbox 764 1093 793 1137; x_wconf 89' lang='lat' dir='ltr'><strong>et</strong></span> <span class='ocrx_word' id='word_1_52' title='bbox 800 1079 910 1152; x_wconf 86' lang='lat' dir='ltr'><strong>justam</strong></span> <span class='ocrx_word' id='word_1_53' title='bbox 924 1083 1084 1141; x_wconf 82' lang='lat' dir='ltr'><strong>libertatem</strong></span> <span class='ocrx_word' id='word_1_54' title='bbox 1098 1106 1172 1143; x_wconf 90' lang='lat' dir='ltr'><strong>con-</strong></span> 
     </span>
     <span class='ocr_line' id='line_1_8' title="bbox 131 1173 1174 1249; baseline 0.01 -22"><span class='ocrx_word' id='word_1_55' title='bbox 131 1175 326 1249; x_wconf 84' lang='lat' dir='ltr'><strong>sequebantur,</strong></span> <span class='ocrx_word' id='word_1_56' title='bbox 338 1185 367 1232; x_wconf 89' lang='lat' dir='ltr'><strong>et</strong></span> <span class='ocrx_word' id='word_1_57' title='bbox 376 1173 484 1232; x_wconf 86' lang='lat' dir='ltr'><strong>fiebant</strong></span> <span class='ocrx_word' id='word_1_58' title='bbox 497 1176 570 1232; x_wconf 83' lang='lat' dir='ltr'><strong>cives</strong></span> <span class='ocrx_word' id='word_1_59' title='bbox 579 1176 710 1231; x_wconf 84' lang='lat' dir='ltr'><strong>romani:</strong></span> <span class='ocrx_word' id='word_1_60' title='bbox 726 1175 815 1230; x_wconf 91' lang='lat' dir='ltr'><strong>modo</strong></span> <span class='ocrx_word' id='word_1_61' title='bbox 829 1178 984 1243; x_wconf 80' lang='lat' dir='ltr'><em>minorem,</em></span> <span class='ocrx_word' id='word_1_62' title='bbox 1000 1186 1029 1233; x_wconf 87' lang='lat' dir='ltr'><strong>et</strong></span> <span class='ocrx_word' id='word_1_63' title='bbox 1042 1181 1128 1235; x_wconf 79' lang='lat' dir='ltr'><strong>latini</strong></span> <span class='ocrx_word' id='word_1_64' title='bbox 1139 1200 1174 1237; x_wconf 88' lang='lat' dir='ltr'><strong>ex</strong></span> 
     </span>
     <span class='ocr_line' id='line_1_9' title="bbox 131 1266 1174 1350; baseline 0.011 -31"><span class='ocrx_word' id='word_1_65' title='bbox 131 1268 186 1344; x_wconf 81' lang='lat' dir='ltr'><strong>lege</strong></span> <span class='ocrx_word' id='word_1_66' title='bbox 198 1268 273 1324; x_wconf 79' lang='lat' dir='ltr'><strong>iulia</strong></span> <span class='ocrx_word' id='word_1_67' title='bbox 290 1269 429 1326; x_wconf 81' lang='lat' dir='ltr'><strong>Norbana</strong></span> <span class='ocrx_word' id='word_1_68' title='bbox 447 1266 569 1340; x_wconf 81' lang='lat' dir='ltr'><strong>fiebant3</strong></span> <span class='ocrx_word' id='word_1_69' title='bbox 589 1268 679 1325; x_wconf 88' lang='lat' dir='ltr'><strong>modo</strong></span> <span class='ocrx_word' id='word_1_70' title='bbox 699 1267 869 1340; x_wconf 67' lang='lat' dir='ltr'><strong>insitionem,</strong></span> <span class='ocrx_word' id='word_1_71' title='bbox 889 1280 918 1326; x_wconf 85' lang='lat' dir='ltr'><strong>et</strong></span> <span class='ocrx_word' id='word_1_72' title='bbox 936 1268 1043 1326; x_wconf 90' lang='lat' dir='ltr'><strong>fiebant</strong></span> <span class='ocrx_word' id='word_1_73' title='bbox 1059 1291 1095 1328; x_wconf 87' lang='lat' dir='ltr'><strong>ex</strong></span> <span class='ocrx_word' id='word_1_74' title='bbox 1112 1274 1174 1350; x_wconf 77' lang='lat' dir='ltr'><strong>lege</strong></span> 
     </span>
     <span class='ocr_line' id='line_1_10' title="bbox 132 1359 460 1417; baseline 0 -3"><span class='ocrx_word' id='word_1_75' title='bbox 132 1359 196 1416; x_wconf 79' lang='lat' dir='ltr'><strong>AElia</strong></span> <span class='ocrx_word' id='word_1_76' title='bbox 209 1360 307 1417; x_wconf 88' lang='lat' dir='ltr'><strong>Scutia</strong></span> <span class='ocrx_word' id='word_1_77' title='bbox 325 1361 434 1416; x_wconf 86' lang='lat' dir='ltr'><strong>deditii.</strong></span> <span class='ocrx_word' id='word_1_78' title='bbox 449 1384 460 1413; x_wconf 75' lang='grc' dir='ltr'><strong>ι</strong></span> 
     </span>
    </p>

    <p class='ocr_par' dir='ltr' id='par_1_4' title="bbox 130 1465 1172 1629">
     <span class='ocr_line' id='line_1_11' title="bbox 165 1465 1172 1542; baseline 0.008 -22"><span class='ocrx_word' id='word_1_79' title='bbox 165 1466 324 1522; x_wconf 71' lang='grc' dir='ltr'><strong>Ρηίτιὺιιιηι.</strong></span> <span class='ocrx_word' id='word_1_80' title='bbox 338 1469 449 1542; x_wconf 78' lang='lat' dir='ltr'><strong>&#39;rogam</strong></span> <span class='ocrx_word' id='word_1_81' title='bbox 465 1467 518 1524; x_wconf 87' lang='lat' dir='ltr'><strong>sub</strong></span> <span class='ocrx_word' id='word_1_82' title='bbox 532 1471 664 1542; x_wconf 80' lang='lat' dir='ltr'><strong>Augusto</strong></span> <span class='ocrx_word' id='word_1_83' title='bbox 680 1465 839 1522; x_wconf 82' lang='lat' dir='ltr'><strong>desuevisse</strong></span> <span class='ocrx_word' id='word_1_84' title='bbox 854 1466 923 1522; x_wconf 89' lang='lat' dir='ltr'><strong>etin</strong></span> <span class='ocrx_word' id='word_1_85' title='bbox 941 1467 1002 1540; x_wconf 86' lang='lat' dir='ltr'><strong>ejus</strong></span> <span class='ocrx_word' id='word_1_86' title='bbox 1019 1471 1114 1526; x_wconf 87' lang='lat' dir='ltr'><strong>locum</strong></span> <span class='ocrx_word' id='word_1_87' title='bbox 1128 1473 1172 1528; x_wconf 80' lang='lat' dir='ltr'><strong>la-</strong></span> 
     </span>
     <span class='ocr_line' id='line_1_12' title="bbox 130 1559 956 1629; baseline 0.001 -14"><span class='ocrx_word' id='word_1_88' title='bbox 130 1577 219 1615; x_wconf 84' lang='lat' dir='ltr'><strong>cernas</strong></span> <span class='ocrx_word' id='word_1_89' title='bbox 238 1559 403 1616; x_wconf 81' lang='lat' dir='ltr'><strong>successisse</strong></span> <span class='ocrx_word' id='word_1_90' title='bbox 417 1560 503 1616; x_wconf 91' lang='lat' dir='ltr'><strong>docet</strong></span> <span class='ocrx_word' id='word_1_91' title='bbox 520 1560 645 1629; x_wconf 63' lang='lat' dir='ltr'><strong>Ferme,</strong></span> <span class='ocrx_word' id='word_1_92' title='bbox 660 1561 697 1615; x_wconf 83' lang='lat' dir='ltr'><strong>de</strong></span> <span class='ocrx_word' id='word_1_93' title='bbox 715 1561 757 1614; x_wconf 86' lang='lat' dir='ltr'><strong>Ile</strong></span> <span class='ocrx_word' id='word_1_94' title='bbox 771 1572 860 1627; x_wconf 79' lang='lat' dir='ltr'><strong>vest,</strong></span> <span class='ocrx_word' id='word_1_95' title='bbox 881 1579 909 1629; x_wconf 85' lang='lat' dir='ltr'><strong>i,</strong></span> <span class='ocrx_word' id='word_1_96' title='bbox 933 1579 956 1616; x_wconf 83' lang='grc' dir='ltr'><strong>ι.</strong></span> 
     </span>
    </p>
   </div>
   <div class='ocr_carea' id='block_1_4' title="bbox 164 1665 1296 1742">
    <p class='ocr_par' dir='ltr' id='par_1_5' title="bbox 164 1665 1296 1742">
     <span class='ocr_line' id='line_1_13' title="bbox 164 1665 1296 1742; baseline 0.004 -20"><span class='ocrx_word' id='word_1_97' title='bbox 164 1665 227 1722; x_wconf 78' lang='lat' dir='ltr'><strong>Cir.</strong></span> <span class='ocrx_word' id='word_1_98' title='bbox 247 1667 326 1723; x_wconf 84' lang='lat' dir='ltr'><strong>XLI.</strong></span> <span class='ocrx_word' id='word_1_99' title='bbox 341 1665 460 1740; x_wconf 79' lang='lat' dir='ltr'><strong>Effecit.</strong></span> <span class='ocrx_word' id='word_1_100' title='bbox 477 1667 580 1732; x_wconf 73' lang='lat' dir='ltr'><strong>Oros,</strong></span> <span class='ocrx_word' id='word_1_101' title='bbox 598 1685 646 1736; x_wconf 87' lang='lat' dir='ltr'><strong>vi,</strong></span> <span class='ocrx_word' id='word_1_102' title='bbox 671 1685 706 1741; x_wconf 87' lang='lat'><strong>19</strong></span> <span class='ocrx_word' id='word_1_103' title='bbox 722 1685 729 1720; x_wconf 74' lang='grc' dir='ltr'><strong><em>ε</em></strong></span> <span class='ocrx_word' id='word_1_104' title='bbox 745 1691 757 1714; x_wconf 78' lang='grc' dir='ltr'><strong>α</strong></span> <span class='ocrx_word' id='word_1_105' title='bbox 774 1667 866 1722; x_wconf 81' lang='lat' dir='ltr'><strong>Roma</strong></span> <span class='ocrx_word' id='word_1_106' title='bbox 884 1666 915 1721; x_wconf 91' lang='lat' dir='ltr'><strong>in</strong></span> <span class='ocrx_word' id='word_1_107' title='bbox 936 1677 1047 1723; x_wconf 90' lang='lat' dir='ltr'><strong>tantum</strong></span> <span class='ocrx_word' id='word_1_108' title='bbox 1068 1669 1175 1742; x_wconf 79' lang='lat' dir='ltr'><strong>opibus</strong></span> <span class='ocrx_word' id='word_1_109' title='bbox 1283 1667 1296 1678; x_wconf 82' lang='grc'><em>”</em></span> 
     </span>
    </p>
   </div>
   <div class='ocr_carea' id='block_1_5' title="bbox 129 1755 1175 1836">
    <p class='ocr_par' dir='ltr' id='par_1_6' title="bbox 129 1755 1175 1836">
     <span class='ocr_line' id='line_1_14' title="bbox 129 1755 1175 1836; baseline 0.004 -22"><span class='ocrx_word' id='word_1_110' title='bbox 129 1756 138 1834; x_wconf 71' lang='grc' dir='ltr'>ζ</span> <span class='ocrx_word' id='word_1_111' title='bbox 146 1757 319 1815; x_wconf 74' lang='lat' dir='ltr'><strong>Alexandriae</strong></span> <span class='ocrx_word' id='word_1_112' title='bbox 339 1755 432 1836; x_wconf 86' lang='lat' dir='ltr'><strong>urbis)</strong></span> <span class='ocrx_word' id='word_1_113' title='bbox 454 1769 536 1815; x_wconf 89' lang='lat' dir='ltr'><strong>aucta</strong></span> <span class='ocrx_word' id='word_1_114' title='bbox 555 1769 611 1830; x_wconf 85' lang='lat' dir='ltr'><strong>est,</strong></span> <span class='ocrx_word' id='word_1_115' title='bbox 625 1769 657 1814; x_wconf 90' lang='lat' dir='ltr'><strong>ut</strong></span> <span class='ocrx_word' id='word_1_116' title='bbox 671 1767 792 1832; x_wconf 90' lang='lat' dir='ltr'><strong>propter</strong></span> <span class='ocrx_word' id='word_1_117' title='bbox 811 1759 1017 1816; x_wconf 74' lang='lat' dir='ltr'><strong>abundantiam</strong></span> <span class='ocrx_word' id='word_1_118' title='bbox 1035 1761 1175 1834; x_wconf 85' lang='lat' dir='ltr'><strong>pecunia-</strong></span> 
     </span>
    </p>
   </div>
   <div class='ocr_carea' id='block_1_6' title="bbox 126 1850 1174 2019">
    <p class='ocr_par' dir='ltr' id='par_1_7' title="bbox 126 1850 1174 2019">
     <span class='ocr_line' id='line_1_15' title="bbox 128 1850 1174 1927; baseline 0.003 -20"><span class='ocrx_word' id='word_1_119' title='bbox 128 1871 201 1923; x_wconf 89' lang='lat' dir='ltr'><strong>rum,</strong></span> <span class='ocrx_word' id='word_1_120' title='bbox 215 1850 343 1927; x_wconf 83' lang='lat' dir='ltr'><strong>duplicia</strong></span> <span class='ocrx_word' id='word_1_121' title='bbox 357 1870 445 1927; x_wconf 89' lang='lat' dir='ltr'><strong>quam</strong></span> <span class='ocrx_word' id='word_1_122' title='bbox 457 1870 551 1926; x_wconf 90' lang='lat' dir='ltr'><strong>usque</strong></span> <span class='ocrx_word' id='word_1_123' title='bbox 564 1850 602 1906; x_wconf 90' lang='lat' dir='ltr'><strong>ad</strong></span> <span class='ocrx_word' id='word_1_124' title='bbox 615 1851 646 1906; x_wconf 92' lang='lat' dir='ltr'><strong>id</strong></span> <span class='ocrx_word' id='word_1_125' title='bbox 666 1851 796 1921; x_wconf 82' lang='lat' dir='ltr'><strong>fuerant,</strong></span> <span class='ocrx_word' id='word_1_126' title='bbox 814 1852 1026 1925; x_wconf 87' lang='lat' dir='ltr'><strong>possessionum</strong></span> <span class='ocrx_word' id='word_1_127' title='bbox 1039 1853 1174 1910; x_wconf 87' lang='lat' dir='ltr'><strong>aliarum-</strong></span> 
     </span>
     <span class='ocr_line' id='line_1_16' title="bbox 126 1943 795 2019; baseline -0.001 -20"><span class='ocrx_word' id='word_1_128' title='bbox 126 1961 181 2016; x_wconf 88' lang='lat' dir='ltr'><strong>que</strong></span> <span class='ocrx_word' id='word_1_129' title='bbox 194 1962 292 2000; x_wconf 85' lang='lat' dir='ltr'><strong>rerum</strong></span> <span class='ocrx_word' id='word_1_130' title='bbox 304 1943 449 2001; x_wconf 80' lang='lat' dir='ltr'><strong>venalium</strong></span> <span class='ocrx_word' id='word_1_131' title='bbox 462 1944 556 2019; x_wconf 86' lang='lat' dir='ltr'><strong>pretia</strong></span> <span class='ocrx_word' id='word_1_132' title='bbox 569 1952 795 2000; x_wconf 78' lang='lat' dir='ltr'><strong>statuerentur.»</strong></span> 
     </span>
    </p>
   </div>
   <div class='ocr_carea' id='block_1_7' title="bbox 129 2050 1174 2404">
    <p class='ocr_par' dir='ltr' id='par_1_8' title="bbox 129 2050 1174 2220">
     <span class='ocr_line' id='line_1_17' title="bbox 165 2050 1174 2128; baseline 0.003 -22"><span class='ocrx_word' id='word_1_133' title='bbox 165 2050 268 2107; x_wconf 74' lang='lat' dir='ltr'><strong>cavere</strong></span> <span class='ocrx_word' id='word_1_134' title='bbox 280 2052 310 2106; x_wconf 91' lang='lat' dir='ltr'><strong>in</strong></span> <span class='ocrx_word' id='word_1_135' title='bbox 323 2052 449 2126; x_wconf 82' lang='lat' dir='ltr'><strong>duplum.</strong></span> <span class='ocrx_word' id='word_1_136' title='bbox 465 2052 500 2107; x_wconf 88' lang='lat' dir='ltr'><strong>H.</strong></span> <span class='ocrx_word' id='word_1_137' title='bbox 523 2071 547 2106; x_wconf 87' lang='lat' dir='ltr'><strong>e.</strong></span> <span class='ocrx_word' id='word_1_138' title='bbox 567 2050 598 2105; x_wconf 88' lang='lat' dir='ltr'><strong>in</strong></span> <span class='ocrx_word' id='word_1_139' title='bbox 621 2050 739 2125; x_wconf 88' lang='lat' dir='ltr'><strong>duplam</strong></span> <span class='ocrx_word' id='word_1_140' title='bbox 754 2067 899 2116; x_wconf 72' lang='lat' dir='ltr'><strong>summam,</strong></span> <span class='ocrx_word' id='word_1_141' title='bbox 914 2051 1060 2125; x_wconf 78' lang='lat' dir='ltr'><strong>pradihus</strong></span> <span class='ocrx_word' id='word_1_142' title='bbox 1078 2063 1107 2109; x_wconf 91' lang='lat' dir='ltr'><strong>et</strong></span> <span class='ocrx_word' id='word_1_143' title='bbox 1125 2050 1174 2128; x_wconf 89' lang='lat' dir='ltr'><strong>pi·</strong></span> 
     </span>
     <span class='ocr_line' id='line_1_18' title="bbox 129 2143 579 2220; baseline -0.002 -20"><span class='ocrx_word' id='word_1_144' title='bbox 129 2143 263 2216; x_wconf 81' lang='lat' dir='ltr'><strong>gnoribus</strong></span> <span class='ocrx_word' id='word_1_145' title='bbox 277 2143 352 2201; x_wconf 82' lang='lat' dir='ltr'><strong>datis</strong></span> <span class='ocrx_word' id='word_1_146' title='bbox 365 2163 425 2200; x_wconf 87' lang='lat' dir='ltr'><strong>sese</strong></span> <span class='ocrx_word' id='word_1_147' title='bbox 443 2143 579 2220; x_wconf 82' lang='lat' dir='ltr'><strong>obligare.</strong></span> 
     </span>
    </p>

    <p class='ocr_par' dir='ltr' id='par_1_9' title="bbox 129 2234 1174 2404">
     <span class='ocr_line' id='line_1_19' title="bbox 163 2234 1174 2314; baseline 0.004 -24"><span class='ocrx_word' id='word_1_148' title='bbox 163 2236 280 2293; x_wconf 84' lang='lat' dir='ltr'><strong>Pueros.</strong></span> <span class='ocrx_word' id='word_1_149' title='bbox 299 2239 461 2314; x_wconf 77' lang='lat' dir='ltr'><strong>Augustum</strong></span> <span class='ocrx_word' id='word_1_150' title='bbox 482 2235 621 2310; x_wconf 86' lang='lat' dir='ltr'><strong>Trajanus</strong></span> <span class='ocrx_word' id='word_1_151' title='bbox 638 2234 764 2292; x_wconf 85' lang='lat' dir='ltr'><strong>imitatus</strong></span> <span class='ocrx_word' id='word_1_152' title='bbox 778 2248 836 2305; x_wconf 89' lang='lat' dir='ltr'><strong>est,</strong></span> <span class='ocrx_word' id='word_1_153' title='bbox 862 2238 898 2293; x_wconf 88' lang='lat' dir='ltr'><strong>de</strong></span> <span class='ocrx_word' id='word_1_154' title='bbox 921 2256 981 2312; x_wconf 91' lang='lat' dir='ltr'><strong>quo</strong></span> <span class='ocrx_word' id='word_1_155' title='bbox 998 2238 1071 2293; x_wconf 87' lang='lat' dir='ltr'><strong>Plin.</strong></span> <span class='ocrx_word' id='word_1_156' title='bbox 1090 2239 1174 2308; x_wconf 79' lang='lat' dir='ltr'><strong>lum,</strong></span> 
     </span>
     <span class='ocr_line' id='line_1_20' title="bbox 129 2319 394 2404; baseline 0.011 -22"><span class='ocrx_word' id='word_1_157' title='bbox 129 2329 247 2404; x_wconf 81' lang='lat' dir='ltr'><strong>Puneg..</strong></span> <span class='ocrx_word' id='word_1_158' title='bbox 265 2319 352 2401; x_wconf 66' lang='lat' dir='ltr'><strong>xxvi,</strong></span> <span class='ocrx_word' id='word_1_159' title='bbox 366 2329 394 2385; x_wconf 84' lang='lat'><strong>3.</strong></span> 
     </span>
    </p>
   </div>
   <div class='ocr_carea' id='block_1_8' title="bbox 124 2432 1176 4206">
    <p class='ocr_par' dir='ltr' id='par_1_10' title="bbox 128 2432 1175 2601">
     <span class='ocr_line' id='line_1_21' title="bbox 165 2432 1175 2510; baseline 0.003 -22"><span class='ocrx_word' id='word_1_160' title='bbox 165 2433 357 2490; x_wconf 82' lang='lat' dir='ltr'><strong>Nummarius.</strong></span> <span class='ocrx_word' id='word_1_161' title='bbox 376 2464 417 2476; x_wconf 90' lang='lat'><em>-</em></span> <span class='ocrx_word' id='word_1_162' title='bbox 436 2433 561 2488; x_wconf 86' lang='lat' dir='ltr'><strong>Tesseroe</strong></span> <span class='ocrx_word' id='word_1_163' title='bbox 581 2435 749 2501; x_wconf 82' lang='lat' dir='ltr'><strong>nummon&#39;oe</strong></span> <span class='ocrx_word' id='word_1_164' title='bbox 766 2445 849 2489; x_wconf 89' lang='lat' dir='ltr'><strong>erant</strong></span> <span class='ocrx_word' id='word_1_165' title='bbox 869 2434 975 2509; x_wconf 91' lang='lat' dir='ltr'><strong>quibus</strong></span> <span class='ocrx_word' id='word_1_166' title='bbox 992 2432 1029 2491; x_wconf 89' lang='lat' dir='ltr'><strong>ad</strong></span> <span class='ocrx_word' id='word_1_167' title='bbox 1048 2444 1175 2510; x_wconf 84' lang='lat' dir='ltr'><strong>quaesto-</strong></span> 
     </span>
     <span class='ocr_line' id='line_1_22' title="bbox 128 2523 974 2601; baseline 0.005 -23"><span class='ocrx_word' id='word_1_168' title='bbox 128 2543 182 2580; x_wconf 85' lang='lat' dir='ltr'><strong>rem</strong></span> <span class='ocrx_word' id='word_1_169' title='bbox 196 2526 304 2597; x_wconf 89' lang='lat' dir='ltr'><strong>allatis,</strong></span> <span class='ocrx_word' id='word_1_170' title='bbox 323 2524 433 2581; x_wconf 88' lang='lat' dir='ltr'><strong>nummi</strong></span> <span class='ocrx_word' id='word_1_171' title='bbox 453 2525 601 2601; x_wconf 84' lang='lat' dir='ltr'><strong>congiario</strong></span> <span class='ocrx_word' id='word_1_172' title='bbox 615 2523 750 2599; x_wconf 87' lang='lat' dir='ltr'><strong>promissi</strong></span> <span class='ocrx_word' id='word_1_173' title='bbox 767 2525 974 2582; x_wconf 88' lang='lat' dir='ltr'><strong>reddebantur.</strong></span> 
     </span>
    </p>

    <p class='ocr_par' dir='ltr' id='par_1_11' title="bbox 164 2617 1124 2692">
     <span class='ocr_line' id='line_1_23' title="bbox 164 2617 1124 2692; baseline 0 -18"><span class='ocrx_word' id='word_1_174' title='bbox 164 2620 228 2674; x_wconf 80' lang='lat' dir='ltr'><strong>Cir.</strong></span> <span class='ocrx_word' id='word_1_175' title='bbox 243 2618 339 2675; x_wconf 83' lang='lat' dir='ltr'><strong>XLll.</strong></span> <span class='ocrx_word' id='word_1_176' title='bbox 360 2618 553 2673; x_wconf 78' lang='lat' dir='ltr'><strong>Ambitiosum.</strong></span> <span class='ocrx_word' id='word_1_177' title='bbox 568 2617 603 2672; x_wconf 83' lang='lat' dir='ltr'><strong>il.</strong></span> <span class='ocrx_word' id='word_1_178' title='bbox 621 2619 637 2672; x_wconf 90' lang='lat'><strong>1.</strong></span> <span class='ocrx_word' id='word_1_179' title='bbox 655 2617 825 2692; x_wconf 86' lang='lat' dir='ltr'><strong>popularem</strong></span> <span class='ocrx_word' id='word_1_180' title='bbox 839 2636 937 2676; x_wconf 87' lang='lat' dir='ltr'><strong>auram</strong></span> <span class='ocrx_word' id='word_1_181' title='bbox 953 2626 1124 2691; x_wconf 82' lang='lat' dir='ltr'><strong>captantem.</strong></span> 
     </span>
    </p>

    <p class='ocr_par' dir='ltr' id='par_1_12' title="bbox 127 2725 1176 3065">
     <span class='ocr_line' id='line_1_24' title="bbox 167 2725 1175 2802; baseline 0.005 -22"><span class='ocrx_word' id='word_1_182' title='bbox 167 2725 287 2782; x_wconf 80' lang='lat' dir='ltr'><strong>St&#39;tt&#39;rent.</strong></span> <span class='ocrx_word' id='word_1_183' title='bbox 302 2725 375 2796; x_wconf 80' lang='lat' dir='ltr'><strong>Dio,</strong></span> <span class='ocrx_word' id='word_1_184' title='bbox 396 2741 460 2794; x_wconf 72' lang='lat' dir='ltr'><strong>ut,</strong></span> <span class='ocrx_word' id='word_1_185' title='bbox 479 2742 509 2799; x_wconf 88' lang='lat' dir='ltr'><strong>p.</strong></span> <span class='ocrx_word' id='word_1_186' title='bbox 530 2725 588 2800; x_wconf 76' lang='lat'><strong>529</strong></span> <span class='ocrx_word' id='word_1_187' title='bbox 602 2743 610 2780; x_wconf 87' lang='lat'><strong>:</strong></span> <span class='ocrx_word' id='word_1_188' title='bbox 624 2731 676 2785; x_wconf 73' lang='lat' dir='ltr'><strong>net</strong></span> <span class='ocrx_word' id='word_1_189' title='bbox 695 2734 757 2784; x_wconf 84' lang='grc' dir='ltr'><strong>οὕτω</strong></span> <span class='ocrx_word' id='word_1_190' title='bbox 771 2751 799 2802; x_wconf 79' lang='grc' dir='ltr'><strong>γι</strong></span> <span class='ocrx_word' id='word_1_191' title='bbox 815 2734 901 2792; x_wconf 63' lang='grc' dir='ltr'><strong>ἐκεῖνος</strong></span> <span class='ocrx_word' id='word_1_192' title='bbox 920 2735 959 2784; x_wconf 83' lang='lat' dir='ltr'><strong>irt&#39;</strong></span> <span class='ocrx_word' id='word_1_193' title='bbox 978 2735 1044 2802; x_wconf 75' lang='grc' dir='ltr'><strong>αὐτῷ</strong></span> <span class='ocrx_word' id='word_1_194' title='bbox 1066 2735 1175 2802; x_wconf 45' lang='lat' dir='ltr'><strong>ipsiipsi,</strong></span> 
     </span>
     <span class='ocr_line' id='line_1_25' title="bbox 127 2819 1176 2896; baseline 0.002 -21"><span class='ocrx_word' id='word_1_195' title='bbox 127 2825 188 2878; x_wconf 63' lang='lat' dir='ltr'><strong>&amp;ort</strong></span> <span class='ocrx_word' id='word_1_196' title='bbox 202 2826 367 2885; x_wconf 76' lang='grc' dir='ltr'>σπανιότητός</span> <span class='ocrx_word' id='word_1_197' title='bbox 379 2845 440 2878; x_wconf 71' lang='grc' dir='ltr'><strong>ποτε</strong></span> <span class='ocrx_word' id='word_1_198' title='bbox 454 2824 516 2878; x_wconf 78' lang='grc' dir='ltr'>οἴνου</span> <span class='ocrx_word' id='word_1_199' title='bbox 529 2826 672 2896; x_wconf 61' lang='grc' dir='ltr'>γινομένης,</span> <span class='ocrx_word' id='word_1_200' title='bbox 692 2825 736 2876; x_wconf 80' lang='lat' dir='ltr'><strong>nui</strong></span> <span class='ocrx_word' id='word_1_201' title='bbox 756 2831 803 2876; x_wconf 79' lang='grc' dir='ltr'><strong>τῶν</strong></span> <span class='ocrx_word' id='word_1_202' title='bbox 820 2825 950 2895; x_wconf 75' lang='grc' dir='ltr'>ἀνθρώπων</span> <span class='ocrx_word' id='word_1_203' title='bbox 971 2819 1042 2876; x_wconf 70' lang='lat' dir='ltr'><strong>dutrii</strong></span> <span class='ocrx_word' id='word_1_204' title='bbox 1056 2821 1176 2877; x_wconf 62' lang='lat' dir='ltr'><strong>tritedi-</strong></span> 
     </span>
     <span class='ocr_line' id='line_1_26' title="bbox 127 2908 1175 2989; baseline 0.001 -21"><span class='ocrx_word' id='word_1_205' title='bbox 127 2918 391 2989; x_wconf 49' lang='lat' dir='ltr'><strong>tessandrorum</strong></span> <span class='ocrx_word' id='word_1_206' title='bbox 404 2918 445 2970; x_wconf 73' lang='lat' dir='ltr'><strong>clv</strong></span> <span class='ocrx_word' id='word_1_207' title='bbox 458 2908 591 2989; x_wconf 66' lang='grc' dir='ltr'>Ᾰγρὶππαν</span> <span class='ocrx_word' id='word_1_208' title='bbox 604 2917 803 2988; x_wconf 68' lang='lat' dir='ltr'><strong>superseminat,</strong></span> <span class='ocrx_word' id='word_1_209' title='bbox 818 2917 883 2970; x_wconf 77' lang='grc' dir='ltr'><strong><em>ὦστι</em></strong></span> <span class='ocrx_word' id='word_1_210' title='bbox 898 2919 932 2988; x_wconf 73' lang='grc' dir='ltr'><strong>μὴ</strong></span> <span class='ocrx_word' id='word_1_211' title='bbox 942 2912 1003 2986; x_wconf 66' lang='grc' dir='ltr'><strong>δίψῃ</strong></span> <span class='ocrx_word' id='word_1_212' title='bbox 1016 2918 1078 2970; x_wconf 80' lang='grc' dir='ltr'>ποτὶ</span> <span class='ocrx_word' id='word_1_213' title='bbox 1089 2919 1175 2976; x_wconf 70' lang='grc' dir='ltr'>αὐτοὺς</span> 
     </span>
     <span class='ocr_line' id='line_1_27' title="bbox 128 3010 267 3065; baseline 0.036 -5"><span class='ocrx_word' id='word_1_214' title='bbox 128 3010 267 3065; x_wconf 69' lang='lat' dir='ltr'><strong>instiutor.</strong></span> 
     </span>
    </p>

    <p class='ocr_par' dir='ltr' id='par_1_13' title="bbox 127 3105 1174 3352">
     <span class='ocr_line' id='line_1_28' title="bbox 163 3105 1174 3181; baseline -0.005 -16"><span class='ocrx_word' id='word_1_215' title='bbox 163 3107 298 3167; x_wconf 83' lang='lat' dir='ltr'><strong>Numero.</strong></span> <span class='ocrx_word' id='word_1_216' title='bbox 314 3108 350 3164; x_wconf 86' lang='lat' dir='ltr'><strong>H.</strong></span> <span class='ocrx_word' id='word_1_217' title='bbox 364 3126 390 3166; x_wconf 91' lang='lat' dir='ltr'><strong>e.</strong></span> <span class='ocrx_word' id='word_1_218' title='bbox 410 3107 441 3164; x_wconf 91' lang='lat' dir='ltr'><strong>in</strong></span> <span class='ocrx_word' id='word_1_219' title='bbox 454 3105 548 3164; x_wconf 84' lang='lat' dir='ltr'><strong>tribus</strong></span> <span class='ocrx_word' id='word_1_220' title='bbox 566 3107 752 3181; x_wconf 88' lang='lat' dir='ltr'><strong>distributos,</strong></span> <span class='ocrx_word' id='word_1_221' title='bbox 773 3107 803 3163; x_wconf 90' lang='lat' dir='ltr'><strong>in</strong></span> <span class='ocrx_word' id='word_1_222' title='bbox 819 3125 891 3181; x_wconf 88' lang='lat' dir='ltr'><strong>quas</strong></span> <span class='ocrx_word' id='word_1_223' title='bbox 904 3106 1005 3163; x_wconf 83' lang='lat' dir='ltr'><strong>referri</strong></span> <span class='ocrx_word' id='word_1_224' title='bbox 1028 3105 1174 3162; x_wconf 83' lang='lat' dir='ltr'><strong>debebant</strong></span> 
     </span>
     <span class='ocr_line' id='line_1_29' title="bbox 127 3198 1174 3276; baseline -0.002 -22"><span class='ocrx_word' id='word_1_225' title='bbox 127 3199 301 3272; x_wconf 87' lang='lat' dir='ltr'><strong>manumissi,</strong></span> <span class='ocrx_word' id='word_1_226' title='bbox 316 3211 469 3276; x_wconf 81' lang='lat' dir='ltr'><strong>antequam</strong></span> <span class='ocrx_word' id='word_1_227' title='bbox 483 3201 521 3258; x_wconf 82' lang='lat' dir='ltr'><strong>ad</strong></span> <span class='ocrx_word' id='word_1_228' title='bbox 535 3200 697 3276; x_wconf 81' lang='lat' dir='ltr'><strong>congiaria,</strong></span> <span class='ocrx_word' id='word_1_229' title='bbox 718 3201 821 3256; x_wconf 80' lang='lat' dir='ltr'><strong>aliasve</strong></span> <span class='ocrx_word' id='word_1_230' title='bbox 842 3199 1025 3256; x_wconf 81' lang='lat' dir='ltr'><strong>liberalitates</strong></span> <span class='ocrx_word' id='word_1_231' title='bbox 1039 3198 1174 3255; x_wconf 85' lang='lat' dir='ltr'><strong>admitte-</strong></span> 
     </span>
     <span class='ocr_line' id='line_1_30' title="bbox 127 3305 231 3352; baseline 0.048 -5"><span class='ocrx_word' id='word_1_232' title='bbox 127 3305 231 3352; x_wconf 89' lang='lat' dir='ltr'><strong>rentur.</strong></span> 
     </span>
    </p>

    <p class='ocr_par' dir='ltr' id='par_1_14' title="bbox 125 3385 1175 3554">
     <span class='ocr_line' id='line_1_31' title="bbox 163 3385 1175 3461; baseline -0.003 -19"><span class='ocrx_word' id='word_1_233' title='bbox 163 3387 322 3445; x_wconf 84' lang='lat' dir='ltr'><strong>Sterilitate.</strong></span> <span class='ocrx_word' id='word_1_234' title='bbox 342 3391 413 3460; x_wconf 82' lang='lat' dir='ltr'><strong>Quae</strong></span> <span class='ocrx_word' id='word_1_235' title='bbox 428 3385 532 3444; x_wconf 85' lang='lat' dir='ltr'><strong>accidit</strong></span> <span class='ocrx_word' id='word_1_236' title='bbox 545 3389 586 3442; x_wconf 89' lang='lat' dir='ltr'><strong>M.</strong></span> <span class='ocrx_word' id='word_1_237' title='bbox 603 3387 720 3443; x_wconf 84' lang='lat' dir='ltr'><strong>AEmilio</strong></span> <span class='ocrx_word' id='word_1_238' title='bbox 737 3387 850 3461; x_wconf 90' lang='lat' dir='ltr'><strong>Lepido</strong></span> <span class='ocrx_word' id='word_1_239' title='bbox 870 3396 899 3442; x_wconf 91' lang='lat' dir='ltr'><strong>et</strong></span> <span class='ocrx_word' id='word_1_240' title='bbox 916 3387 949 3441; x_wconf 88' lang='lat' dir='ltr'><strong>L.</strong></span> <span class='ocrx_word' id='word_1_241' title='bbox 963 3385 1105 3441; x_wconf 79' lang='lat' dir='ltr'><strong>Arruntio</strong></span> <span class='ocrx_word' id='word_1_242' title='bbox 1121 3404 1175 3439; x_wconf 91' lang='lat' dir='ltr'><strong>ne·</strong></span> 
     </span>
     <span class='ocr_line' id='line_1_32' title="bbox 125 3478 844 3554; baseline 0 -17"><span class='ocrx_word' id='word_1_243' title='bbox 125 3490 192 3554; x_wconf 82' lang='lat' dir='ltr'><strong>pote</strong></span> <span class='ocrx_word' id='word_1_244' title='bbox 205 3499 278 3540; x_wconf 85' lang='lat' dir='ltr'><strong>coss.</strong></span> <span class='ocrx_word' id='word_1_245' title='bbox 291 3484 328 3538; x_wconf 82' lang='grc' dir='ltr'><strong>Δ.</strong></span> <span class='ocrx_word' id='word_1_246' title='bbox 341 3483 378 3539; x_wconf 87' lang='lat' dir='ltr'><strong>U.</strong></span> <span class='ocrx_word' id='word_1_247' title='bbox 399 3480 465 3552; x_wconf 79' lang='lat'><strong>760.</strong></span> <span class='ocrx_word' id='word_1_248' title='bbox 486 3479 528 3538; x_wconf 84' lang='lat' dir='ltr'><strong>Ci.</strong></span> <span class='ocrx_word' id='word_1_249' title='bbox 543 3481 649 3550; x_wconf 67' lang='lat' dir='ltr'><strong>Dion,</strong></span> <span class='ocrx_word' id='word_1_250' title='bbox 668 3499 717 3551; x_wconf 77' lang='lat' dir='ltr'><strong>ev,</strong></span> <span class='ocrx_word' id='word_1_251' title='bbox 732 3499 761 3553; x_wconf 93' lang='lat' dir='ltr'><strong>p.</strong></span> <span class='ocrx_word' id='word_1_252' title='bbox 778 3478 844 3537; x_wconf 83' lang='lat'><strong>566.</strong></span> 
     </span>
    </p>

    <p class='ocr_par' dir='ltr' id='par_1_15' title="bbox 127 3569 1176 3740">
     <span class='ocr_line' id='line_1_33' title="bbox 164 3569 1176 3648; baseline -0.004 -20"><span class='ocrx_word' id='word_1_253' title='bbox 164 3574 307 3648; x_wconf 81' lang='lat' dir='ltr'><strong>impeturn</strong></span> <span class='ocrx_word' id='word_1_254' title='bbox 316 3591 348 3628; x_wconf 84' lang='lat' dir='ltr'><strong>se</strong></span> <span class='ocrx_word' id='word_1_255' title='bbox 360 3572 478 3647; x_wconf 83' lang='lat' dir='ltr'><strong>cepisse.</strong></span> <span class='ocrx_word' id='word_1_256' title='bbox 493 3574 535 3628; x_wconf 90' lang='lat' dir='ltr'><strong>lta</strong></span> <span class='ocrx_word' id='word_1_257' title='bbox 545 3571 643 3627; x_wconf 89' lang='lat' dir='ltr'><strong>Senec.</strong></span> <span class='ocrx_word' id='word_1_258' title='bbox 658 3573 700 3626; x_wconf 84' lang='lat' dir='ltr'><strong>ad</strong></span> <span class='ocrx_word' id='word_1_259' title='bbox 714 3573 792 3628; x_wconf 77' lang='lat' dir='ltr'><strong>Helu.</strong></span> <span class='ocrx_word' id='word_1_260' title='bbox 800 3612 809 3638; x_wconf 84' lang='lat'><em>,</em></span> <span class='ocrx_word' id='word_1_261' title='bbox 825 3591 835 3626; x_wconf 85' lang='lat' dir='ltr'><strong>r</strong></span> <span class='ocrx_word' id='word_1_262' title='bbox 851 3591 858 3627; x_wconf 74' lang='grc' dir='ltr'><strong>ε</strong></span> <span class='ocrx_word' id='word_1_263' title='bbox 873 3597 885 3621; x_wconf 75' lang='lat' dir='ltr'><strong>u</strong></span> <span class='ocrx_word' id='word_1_264' title='bbox 898 3571 978 3644; x_wconf 77' lang='lat' dir='ltr'><strong>Saepe</strong></span> <span class='ocrx_word' id='word_1_265' title='bbox 990 3569 1065 3641; x_wconf 88' lang='lat' dir='ltr'><strong>jam,</strong></span> <span class='ocrx_word' id='word_1_266' title='bbox 1084 3580 1176 3624; x_wconf 88' lang='lat' dir='ltr'><strong>mater</strong></span> 
     </span>
     <span class='ocr_line' id='line_1_34' title="bbox 127 3663 747 3740; baseline -0.006 -21"><span class='ocrx_word' id='word_1_267' title='bbox 127 3663 247 3738; x_wconf 89' lang='lat' dir='ltr'><strong>optima,</strong></span> <span class='ocrx_word' id='word_1_268' title='bbox 261 3665 400 3740; x_wconf 87' lang='lat' dir='ltr'><strong>impetum</strong></span> <span class='ocrx_word' id='word_1_269' title='bbox 415 3664 479 3739; x_wconf 91' lang='lat' dir='ltr'><strong>cepi</strong></span> <span class='ocrx_word' id='word_1_270' title='bbox 495 3664 664 3721; x_wconf 90' lang='lat' dir='ltr'><strong>consolandi</strong></span> <span class='ocrx_word' id='word_1_271' title='bbox 678 3674 714 3720; x_wconf 90' lang='lat' dir='ltr'><strong>te.</strong></span> <span class='ocrx_word' id='word_1_272' title='bbox 735 3689 747 3715; x_wconf 71' lang='grc' dir='ltr'>ι</span> 
     </span>
    </p>

    <p class='ocr_par' dir='ltr' id='par_1_16' title="bbox 124 3753 1174 4206">
     <span class='ocr_line' id='line_1_35' title="bbox 161 3753 1174 3814; baseline -0.003 -1"><span class='ocrx_word' id='word_1_273' title='bbox 161 3759 313 3814; x_wconf 76' lang='lat' dir='ltr'><strong>Rationem</strong></span> <span class='ocrx_word' id='word_1_274' title='bbox 335 3760 456 3814; x_wconf 85' lang='lat' dir='ltr'><strong>duceret.</strong></span> <span class='ocrx_word' id='word_1_275' title='bbox 479 3757 544 3814; x_wconf 89' lang='lat' dir='ltr'><strong>Scil.</strong></span> <span class='ocrx_word' id='word_1_276' title='bbox 568 3757 598 3813; x_wconf 92' lang='lat' dir='ltr'><strong>in</strong></span> <span class='ocrx_word' id='word_1_277' title='bbox 618 3757 822 3814; x_wconf 87' lang='lat' dir='ltr'><strong>distributione</strong></span> <span class='ocrx_word' id='word_1_278' title='bbox 844 3755 981 3813; x_wconf 80' lang='lat' dir='ltr'><strong>frumeuti</strong></span> <span class='ocrx_word' id='word_1_279' title='bbox 996 3773 1057 3810; x_wconf 91' lang='lat' dir='ltr'><strong>non</strong></span> <span class='ocrx_word' id='word_1_280' title='bbox 1079 3753 1174 3810; x_wconf 86' lang='lat' dir='ltr'><strong>minus</strong></span> 
     </span>
     <span class='ocr_line' id='line_1_36' title="bbox 126 3846 1174 3926; baseline -0.003 -21"><span class='ocrx_word' id='word_1_281' title='bbox 126 3862 268 3907; x_wconf 81' lang='lat' dir='ltr'><strong>aratomm</strong></span> <span class='ocrx_word' id='word_1_282' title='bbox 286 3861 315 3910; x_wconf 92' lang='lat' dir='ltr'><strong>et</strong></span> <span class='ocrx_word' id='word_1_283' title='bbox 332 3853 536 3926; x_wconf 65' lang='lat' dir='ltr'><strong>negotiantium</strong></span> <span class='ocrx_word' id='word_1_284' title='bbox 555 3869 643 3926; x_wconf 86' lang='lat' dir='ltr'><strong>qnam</strong></span> <span class='ocrx_word' id='word_1_285' title='bbox 657 3851 749 3926; x_wconf 89' lang='lat' dir='ltr'><strong>plebis</strong></span> <span class='ocrx_word' id='word_1_286' title='bbox 769 3850 867 3906; x_wconf 76' lang='lat' dir='ltr'><strong>otiosa</strong></span> <span class='ocrx_word' id='word_1_287' title='bbox 885 3851 1025 3904; x_wconf 77' lang='lat' dir='ltr'><strong>rationem</strong></span> <span class='ocrx_word' id='word_1_288' title='bbox 1046 3846 1174 3902; x_wconf 89' lang='lat' dir='ltr'><strong>haberet.</strong></span> 
     </span>
     <span class='ocr_line' id='line_1_37' title="bbox 125 3940 1173 4020; baseline -0.006 -22"><span class='ocrx_word' id='word_1_289' title='bbox 125 3943 157 3997; x_wconf 90' lang='lat' dir='ltr'><strong>ll.</strong></span> <span class='ocrx_word' id='word_1_290' title='bbox 177 3944 341 4000; x_wconf 77' lang='lat' dir='ltr'><strong>iuratores</strong></span> <span class='ocrx_word' id='word_1_291' title='bbox 358 3954 386 3999; x_wconf 88' lang='lat' dir='ltr'><strong>et</strong></span> <span class='ocrx_word' id='word_1_292' title='bbox 408 3945 583 4019; x_wconf 79' lang='lat' dir='ltr'><strong>negotiantes</strong></span> <span class='ocrx_word' id='word_1_293' title='bbox 601 3942 761 4020; x_wconf 79' lang='lat' dir='ltr'><strong>significare</strong></span> <span class='ocrx_word' id='word_1_294' title='bbox 782 3944 845 3998; x_wconf 89' lang='lat' dir='ltr'><strong>vult</strong></span> <span class='ocrx_word' id='word_1_295' title='bbox 862 3943 903 3998; x_wconf 88' lang='lat' dir='ltr'><strong>Cl.</strong></span> <span class='ocrx_word' id='word_1_296' title='bbox 927 3943 1025 4008; x_wconf 85' lang='lat' dir='ltr'><strong>Hase,</strong></span> <span class='ocrx_word' id='word_1_297' title='bbox 1049 3940 1173 4013; x_wconf 82' lang='lat' dir='ltr'><strong>equites,</strong></span> 
     </span>
     <span class='ocr_line' id='line_1_38' title="bbox 125 4033 1171 4113; baseline -0.005 -22"><span class='ocrx_word' id='word_1_298' title='bbox 125 4036 173 4108; x_wconf 90' lang='lat' dir='ltr'><strong>qni</strong></span> <span class='ocrx_word' id='word_1_299' title='bbox 189 4036 339 4112; x_wconf 81' lang='lat' dir='ltr'><strong>vectigalia</strong></span> <span class='ocrx_word' id='word_1_300' title='bbox 355 4055 497 4113; x_wconf 73' lang='lat' dir='ltr'><strong>agrosque</strong></span> <span class='ocrx_word' id='word_1_301' title='bbox 516 4037 649 4111; x_wconf 86' lang='lat' dir='ltr'><strong>publicos</strong></span> <span class='ocrx_word' id='word_1_302' title='bbox 670 4037 888 4104; x_wconf 85' lang='lat' dir='ltr'><strong>conduxissent,</strong></span> <span class='ocrx_word' id='word_1_303' title='bbox 902 4033 1058 4110; x_wconf 82' lang='lat' dir='ltr'><strong>multisque</strong></span> <span class='ocrx_word' id='word_1_304' title='bbox 1075 4033 1171 4088; x_wconf 89' lang='lat' dir='ltr'><strong>mani·-</strong></span> 
     </span>
     <span class='ocr_line' id='line_1_39' title="bbox 124 4125 1113 4206; baseline -0.003 -22"><span class='ocrx_word' id='word_1_305' title='bbox 124 4127 175 4184; x_wconf 81' lang='lat' dir='ltr'><strong>bus</strong></span> <span class='ocrx_word' id='word_1_306' title='bbox 188 4147 263 4206; x_wconf 82' lang='lat' dir='ltr'><strong>opus</strong></span> <span class='ocrx_word' id='word_1_307' title='bbox 281 4131 419 4188; x_wconf 86' lang='lat' dir='ltr'><strong>haberent</strong></span> <span class='ocrx_word' id='word_1_308' title='bbox 437 4131 474 4186; x_wconf 87' lang='lat' dir='ltr'><strong>ad</strong></span> <span class='ocrx_word' id='word_1_309' title='bbox 489 4129 650 4188; x_wconf 84' lang='lat' dir='ltr'><strong>exercenda</strong></span> <span class='ocrx_word' id='word_1_310' title='bbox 670 4129 786 4205; x_wconf 77' lang='lat' dir='ltr'><strong>negotia</strong></span> <span class='ocrx_word' id='word_1_311' title='bbox 805 4125 1000 4202; x_wconf 85' lang='lat' dir='ltr'><strong>colendosque</strong></span> <span class='ocrx_word' id='word_1_312' title='bbox 1020 4145 1113 4203; x_wconf 81' lang='lat' dir='ltr'><strong>agros.</strong></span> 
     </span>
    </p>
   </div>
   <div class='ocr_carea' id='block_1_9' title="bbox 0 0 1586 5442">
    <p class='ocr_par' dir='ltr' id='par_1_17' title="bbox 0 0 1586 5442">
     <span class='ocr_line' id='line_1_40' title="bbox 0 0 1586 5442; baseline 0 3"><span class='ocrx_word' id='word_1_313' title='bbox 0 0 1586 5442; x_wconf 95' lang='lat' dir='ltr'><strong> </strong></span> 
     </span>
    </p>
   </div>
  </div>
 </body>
</html>
