3098 5446
423 546 456 600 ill
831 544 862 600 G
880 543 1057 602 SUETONli

419 671 523 741 ducto
542 671 776 758 matrimonio,
798 672 961 765 sepositus
981 685 1031 740 est
1053 695 1114 766 per
1132 693 1268 740 causam
1294 669 1447 766 legationis

419 791 455 859 in
475 791 696 860 Lusitaniam.
719 787 760 860 Id
778 791 859 860 satis
878 791 1006 876 visum,
1025 815 1067 860 ne
1083 815 1183 886 poena
1202 793 1311 862 acrior
1325 793 1448 862 mimum

419 935 554 980 omnem
575 909 782 1006 divulgaret;
802 911 860 1005 qui
880 926 992 980 tamen
1014 913 1061 982 sic
1077 935 1213 1007 quoqne
1234 913 1299 982 hoc
1323 911 1450 984 disticho

417 1033 548 1102 enotuit
566 1057 575 1100 s

516 1240 574 1296 Cur
590 1239 669 1296 Otho
685 1240 807 1296 mentito
823 1240 874 1314 sit,
894 1241 1031 1316 queritis,
1052 1242 1131 1298 exsul
1147 1239 1277 1298 honore?

556 1331 665 1388 Uxoris
684 1333 812 1390 moechns
829 1344 955 1410 ooeperat
972 1353 1033 1390 esse
1049 1353 1114 1390 snae.

418 1520 630 1589 Provinciam
652 1519 898 1590 administravit
916 1522 1114 1615 quaestorius
1135 1521 1328 1616 perdecem
1347 1547 1455 1610 asinos,

384 1618 385 1626 .
417 1638 648 1710 moderatione
665 1655 766 1736 atque
781 1642 983 1712 abstinentia
1001 1640 1172 1736 singulari.

466 1763 526 1832 lv.
546 1764 595 1832 Ut
617 1761 751 1830 tandem
776 1761 913 1832 ultionis
935 1765 1064 1832 occasio
1091 1763 1168 1844 data
1196 1778 1265 1849 est,
1292 1765 1457 1833 conatibus

416 1879 536 1950 Galbae
565 1883 695 1975 primus
725 1884 864 1952 accessit
890 1907 899 1951 ε
923 1880 1108 1976 eodemque
1137 1900 1308 1954 momento
1337 1899 1370 1954 et
1397 1886 1459 1978 ipse

419 2027 512 2097 spem
527 2004 657 2097 imperii
674 2005 779 2098 cepit,
794 2028 951 2100 magnam
971 2001 1107 2097 quidem
1123 2029 1162 2072 ex
1182 2005 1374 2075 conditione
1385 2021 1461 2075 tem·

351 2161 357 2176 =
419 2147 565 2216 porum,
584 2123 642 2192 sed
661 2123 834 2218 aliquanto
853 2125 1014 2219 majorem
1035 2129 1076 2192 ex'
1096 2123 1319 2194 affirmatione
1340 2125 1461 2196 Seleuci

420 2245 668 2332 matlrematici3
684 2248 764 2340 qui,
783 2271 888 2341 quum
906 2247 990 2316 eum
1008 2245 1087 2320 olim
1108 2249 1322 2341 superstitem
1343 2247 1462 2318 Neroni

419 2363 492 2433 fore
510 2366 763 2460 spopondisset,
782 2382 864 2438 tunc
877 2367 967 2436 ultro
980 2367 1174 2462 inopinatus
1189 2367 1391 2458 advenerat,
1410 2369 1464 2437 im·

417 2503 612 2579 pecatorum
629 2513 765 2583 quoque
782 2485 877 2558 br'evi
894 2491 1145 2584 repromittens.
1168 2487 1272 2560 Nullo
1295 2492 1399 2585 igitur
1418 2487 1463 2556 ol·

417 2605 483 2682 ficti
495 2623 554 2676 aut
568 2609 763 2680 ambitionis
780 2611 814 2679 in
827 2615 1030 2704 quemquam
1049 2635 1172 2706 genere
1184 2612 1326 2699 omisso,
1341 2611 1467 2706 quoties

419 2751 512 2797 coena
532 2731 719 2824 principem
736 2731 923 2825 acciperet,
941 2757 1058 2804 aureos
1075 2732 1257 2803 excubanti
1275 2731 1411 2801 cohorti
1425 2731 1466 2798 vi·

418 2849 509 2917 ritim
536 2849 734 2920 dividebat:
758 2876 821 2920 nec
837 2859 881 2920 'eo
901 2853 1013 2940 minus
1035 2851 1137 2921 alium
1161 2850 1226 2922 alia
1247 2854 1302 2920 via
1329 2851 1467 2921 militem

417 2957 821 3046 demerebatur.'cuidam
837 2955 939 3042 etiam
954 2971 995 3041 de
1009 2967 1106 3068 parte
1122 2973 1240 3043 linium
1260 2998 1341 3043 cum
1363 2973 1471 3042 meino

418 3086 585 3182 litiganti,
600 3089 769 3162 adhibitus
787 3093 924 3180 arbiter,
939 3075 1048 3164 totum
1061 3119 1181 3188 agrum
1197 3093 1340 3164 redemit
1358 3117 1470 3164 eman·

417 3210 628 3303 cipavitque3
654 3226 691 3281 nt
707 3213 778 3306 jam
797 3192 852 3282 vin
874 3212 961 3284 ullus
979 3229 1087 3300 esset,
1102 3216 1161 3308 qui
1183 3239 1252 3284 nou
1278 3229 1313 3284 et
1333 3214 1473 3284 sentiret

418 3345 453 3399 et
472 3330 685 3425 predicaret,
703 3331 811 3406 solum
831 3335 1038 3405 successione
1052 3336 1183 3430 imperii
1201 3335 1357 3431 dignum.

467 3453 509 3519 V.
529 3453 730 3545 Speraverat
751 3469 863 3524 autem
881 3455 973 3542 lore,
995 3471 1032 3525 ut
1058 3455 1278 3551 adoptaretur
1299 3481 1319 3525 a
1342 3455 1475 3542 Galba3

418 3570 522 3666 idque
547 3573 583 3642 in
606 3573 676 3644 dies
702 3577 925 3670 exspectabat.
944 3575 1008 3646 Sed
1028 3591 1223 3671 postquam,
1240 3578 1369 3648 Pisone
1388 3601 1475 3672 prar-

418 3689 505 3781 lato,
519 3717 578 3788 spe
595 3692 740 3783 decidit,
754 3696 798 3765 ad
811 3697 878 3766 vim
896 3721 1077 3766 conversus
1091 3711 1158 3783 est;
1172 3697 1358 3792 instigante
1372 3723 1475 3794 snper

418 3813 521 3882 animi
550 3811 699 3886 dolorem
727 3816 827 3886 etiarn
857 3817 1087 3913 magnitudine
1114 3803 1188 3886 aeris
1216 3815 1329 3888 alieni.
1354 3821 1477 3912 Neque

417 3934 507 4002 enim
519 3931 768 4022 dissimulabat,
780 3965 797 4000 n
809 3938 872 4007 nisi
890 3939 1090 4032 principem,
1105 3962 1141 4014 se
1155 3951 1243 4007 stare
1260 3963 1333 4008 non
1353 3963 1475 4034 posse:

417 4050 568 4148 nihilque
586 4055 729 4143 referre,
746 4057 789 4125 ab
808 4058 903 4127 hoste
921 4059 956 4126 in
974 4059 1065 4144 acie,
1086 4084 1129 4128 an
1149 4059 1183 4127 in
1201 4061 1290 4128 Foro
1305 4061 1379 4130 sub
1402 4083 1475 4130 cre-

417 4169 599 4266 ditoribus,
615 4177 758 4248 caderet.
773 4167 790 4244 i>
809 4187 896 4252 Ante
909 4203 1033 4272 paucos
1050 4179 1120 4248 dies
1135 4203 1231 4249 servo
1249 4183 1403 4252 Caesaris
1418 4206 1480 4276 pro
