3138 5438
411 531 447 602 sa
803 527 1027 590 c‘sunroun

410 657 444 724 iu
463 656 636 750 Hispanias
654 655 809 726 adversus
826 659 888 726 Cu.
907 657 1055 749 Pompeii
1071 655 1207 740 liberos,
1226 651 1362 721 uixdum
1381 651 1438 720 lir-

410 797 485 842 mus
499 799 518 842 a
534 777 624 868 gravi
643 773 846 860 valetudine,
866 797 925 867 per
941 773 1072 842 infestas
1090 773 1237 842 hostibus
1253 773 1338 856 vias,
1356 794 1438 863 pau·

410 892 548 962 cissimis
567 893 760 978 comitibus,
782 891 954 984 naufragio
975 893 1073 960 etiam
1094 892 1200 979 sacto,
1221 890 1437 976 subsecutus,

410 1033 531 1104 magno
554 1035 653 1105 opere
677 1009 859 1092 demeruit,
883 1011 1066 1106 approbata
1091 1011 1158 1078 cito
1178 1010 1284 1078 'etiam
1309 1029 1438 1076 morum

409 1125 520 1196 indole
541 1153 641 1222 super
662 1129 789 1196 itineris
813 1127 1020 1196 industriam.
1042 1131 1170 1198 Cesare
1193 1141 1268 1220 post
1290 1139 1439 1218 receptas

408 1247 583 1340 Hispanias
603 1246 845 1339 expeditionem
869 1248 904 1314 iu
929 1249 1060 1330 Dacos,
1079 1259 1112 1314 et
1131 1245 1208 1314 inde
1227 1246 1261 1312 iu
1280 1243 1440 1330 Parthos,

410 1361 608 1452 destinante,
619 1366 805 1458 praemissus
817 1362 1169 1456 Apolloniam,studiis
1180 1363 1316 1432 vacavit.
1327 1364 1441 1453 thue

408 1483 553 1578 primum
577 1483 723 1550 occisum
750 1505 844 1568 eum,
869 1481 1090 1574 heredemque
1115 1505 1151 1550 se
1176 1481 1355 1574 comperit,
1382 1477 1440 1548 diu

409 1615 596 1686 cunctatus,
616 1625 660 1668 uu
679 1601 846 1692 proximas
863 1598 1011 1694 legiones
1029 1597 1235 1692 imploraret,
1254 1597 1289 1666 id
1306 1597 1441 1691 quidam

409 1717 582 1788 consilium
603 1733 640 1786 ut
658 1735 802 1812 preceps
821 1719 1103 1810 immaturumque
1119 1718 1254 1786 omisit:
1275 1731 1443 1802 ceterum,

409 1834 1444 1930 Urbcrepetita,hereditatemadiit,dubitantematte,vitrico

409 1980 488 2023 vero
516 1955 645 2024 Marcio
673 1952 828 2048 Philippo
856 1951 1022 2022 consulari
1051 1953 1192 2024 multum
1221 1953 1442 2024 dissuadente.

402 2079 518 2170 ,Atque
540 2073 582 2140 ab
605 2097 645 2140 eo
670 2063 815 2164 tempore
839 2073 1036 2142 exercitibus
1058 2075 1274 2166 comparatis,
1296 2073 1444 2166 primum

410 2217 486 2264 cum
506 2193 554 2260 M.
575 2192 721 2260 Antonio
741 2193 924 2284 Marcoque
946 2191 1091 2285 Lepido,
1111 2191 1187 2260 dein
1211 2207 1341 2262 tautum
1362 2217 1444 2262 cum

408 2312 573 2396 Antonio,
590 2332 649 2402 per
668 2307 842 2376 duodecim
861 2309 927 2378 lere
946 2333 1065 2396 annos3
1088 2313 1262 2382 novissime
1280 2335 1339 2404 per
1356 2336 1445 2403 qua-

404 2445 485 2498 tuor
504 2444 536 2497 et
556 2427 778 2522 quadraginta
796 2426 884 2496 solus
902 2427 1139 2522 rempublicam
1156 2431 1273 2500 tenuit.
1302 2453 1305 2458 ·
1448 2408 1453 2427 ⁸

456 2552 515 2618 tx,
542 2548 715 2640 Proposita
733 2548 809 2615 vitae
829 2547 900 2640 ejus
917 2545 1008 2618 velut
1029 2573 1176 2636 summa,
1193 2564 1301 2646 partes
1318 2548 1447 2644 sigilla-

408 2673 483 2757 tim,
500 2691 606 2761 nequc
623 2691 682 2760 per
698 2681 863 2760 tempora,
880 2667 936 2738 sed
953 2692 1011 2762 per
1027 2670 1166 2761 species,
1182 2693 1358 2761 exsequar,
1374 2695 1450 2762 quo

409 2787 594 2858 distinctius
610 2785 829 2856 demonstrari
845 2787 1064 2880 cognoscique
1076 2788 1211 2880 possint.
1228 2785 1318 2858 Bella
1330 2787 1451 2858 civilia

409 2912 556 3003 quinque
580 2909 702 3001 gessit3
728 2906 937 2992 Mutinense,
964 2905 1193 3000 Philippense,
1222 2909 1450 2995 Perusinum,

410 3027 578 3114 Siculum,
594 3027 776 3095 Actiacum.
799 3027 846 3092 Ex
863 3025 983 3116 quibus
1003 3028 1148 3119 primum
1169 3053 1207 3096 uc
1225 3029 1451 3098 novissimum

409 3149 564 3218 adversus
592 3149 639 3216 Μ.
671 3145 873 3226 Antonium,
902 3144 1082 3214 secundum
1112 3146 1269 3216 adversus
1299 3151 1453 3218 Brutum

409 3282 442 3335 et
467 3267 634 3350 Cassium,
661 3267 795 3334 tertium
817 3262 973 3331 adversus
996 3267 1077 3334 Luc.
1100 3268 1300 3353 Antonium,
1324 3271 1458 3338 trium·

409 3387 472 3454 viri
497 3387 651 3466 fretrcm3
679 3397 835 3474 quartum
863 3381 1018 3450 adversus
1040 3387 1113 3452 Sex.
1140 3387 1354 3479 Pompeium,
1379 3392 1457 3459 Cn.

410 3505 524 3574 tilium.

456 3631 498 3696 X.
525 3628 684 3697 Omnium
697 3622 859 3690 bellorum
874 3622 1004 3688 iuitium
1016 3631 1185 3690 etcausani
1200 3625 1277 3694 hinc
1287 3632 1459 3720 sumpsit.

409 3746 498 3815 Nihil
519 3748 768 3816 convenientius
785 3741 924 3829 ducens,
942 3767 1041 3834 quam
1063 3767 1173 3810 necem
1191 3745 1349 3814 avunculi
1371 3753 1464 3818 vin-

411 3864 531 3948 dicare,
541 3870 689 3960 tuerique
702 3883 785 3950 acta,
799 3865 981 3951 confestim,
995 3877 1032 3930 ut
1045 3859 1219 3956 Apollonia
1232 3863 1345 3950 rediit,
1360 3870 1467 3938 Bru-

410 4001 481 4054 tum
498 3989 730 4080 Cassiumquc,
744 4004 777 4056 et
793 3987 824 4055 vi
838 4013 899 4056 nec
914 3988 1101 4081 opinantes,
1115 4001 1164 4073 et,
1175 3987 1253 4079 quia
1264 3990 1467 4082 praevisum

409 4103 593 4194 periculum
613 4103 892 4196 subterfugerant,
911 4103 1037 4198 legibus
1052 4105 1203 4200 aggredi,
1220 4129 1362 4201 reosque
1388 4135 1469 4182 cae-
