3208 5430
492 511 531 564 ΙΝ
553 509 814 566 DOMITIANUM.

183 632 248 685 Cn».
264 631 301 684 11.
321 627 547 701 Expeditionem.
569 629 601 680 ll.
620 627 654 680 U.
670 627 735 679 δεῖ.

182 722 360 794 Adaequaret.
377 719 417 774 Cl.
438 717 654 786 Ticrr.‚}1ist.,
670 735 711 786 rr,
726 716 771 772 86.

185 814 264 886 Equo
284 812 357 866 albu.
385 813 505 878 zonat„
525 810 643 875 Annei,
666 827 709 877 ιε,
727 825 755 881 p.
781 815 833 880 194
854 829 860 862 :
879 823 1022 890 mmm
1040 817 1071 874 ρρ
1090 843 1168 894 0420„

144 913 207 964 αὐτὰ
230 911 271 964 καὶ
289 914 300 963 ὁ
323 911 466 980 Δομετιανὸς
481 909 606 961 ὑπατεύων
622 905 661 958 tel
673 908 776 966 κε’λητες.

189 996 287 1048 Unum.
309 996 392 1049 ΜΠ.
412 992 477 1049 826.

187 1085 310 1139 Poeticoe
323 1085 450 1138 studium.
464 1080 568 1148 Tacit„
589 1081 676 1144 Hist,
695 1099 733 1146 εε,
753 1079 789 1134 86
809 1099 816 1134 :
835 1082 1045 1156 ustudiumque
1062 1085 1171 1142 litteru-

147 1196 226 1245 rum,
241 1186 269 1231 et
282 1194 407 1230 amorem
420 1169 574 1230 cuminum
588 1171 748 1227 simulans.»

188 1270 311 1340 Imperii.
327 1299 366 1309 -
383 1267 541 1322 Consortem
555 1256 667 1336 rirrperii
679 1264 757 1318 illum
778 1263 848 1318 dicit
866 1264 961 1332 Titus,
979 1285 1041 1340 sup.
1062 1287 1109 1337 rx;
1123 1269 1173 1324 sed

147 1363 201 1414 hoc
215 1359 405 1414 voluntarium
424 1366 496 1428 erat,
510 1374 569 1410 non
583 1373 617 1409 ex
631 1363 798 1408 testamento
817 1354 953 1411 debitum.

186 1451 280 1505 lussit.
296 1449 418 1523 xiphil,
432 1448 481 1504 ub.
495 1465 572 1518 sup„
588 1464 616 1518 p.
631 1445 687 1514 75⁸
702 1463 709 1499 :
725 1441 831 1520 ἑτιγεῡν
849 1455 1016 1513 ζὼντοςαὺτεῦ
1028 1446 1077 1525 (su.
1087 1452 1173 1526 Tiro),

149 1553 170 1610 i:
184 1571 211 1603 τε
225 1552 267 1606 τὴν
282 1539 367 1618 ῥώμην
384 1549 535 1616 ἀφίππευσε,
548 1543 589 1595 καὶ
609 1547 630 1602 ie
643 1546 670 1594 τὸ
684 1541 851 1611 στρατόπεδα
863 1547 1022 1610 εἶσῆλθε,τὴν
1036 1570 1064 1604 τε
1077 1553 1173 1608 tumn.

150 1662 195 1704 σιν,
208 1640 249 1692 καὶ
268 1643 310 1696 τὴν
328 1639 435 1700 ἐξουσίαν
456 1643 498 1687 τοῦ
515 1636 686 1703 αὐτοκράτορος
701 1631 788 1695 luein,
808 1629 864 1694 itur
879 1639 960 1696 αὐτοῖς
973 1638 1027 1693 ὅσον
1042 1660 1087 1712 περ
1102 1641 1145 1693 καὶ
1161 1645 1173 1694 ὁ
1265 1643 1267 1650 '

150 1729 251 1801 allelui:
267 1735 339 1784 αὑτοῦ
360 1725 485 1781 ἐδεδώκεε,

194 1815 420 1870 Consecrationis.
436 1817 498 1881 Qua
514 1808 705 1864 reserrebatur
719 1808 792 1862 inter
805 1809 882 1862 deos.

192 1909 255 1964 cn.
270 1907 320 1962 111.
341 1904 489 1978 Coufigm.
504 1901 595 1956 Etiam
614 1910 678 1954 ante
692 1898 896 1971 principatum,
909 1913 979 1958 teste
991 1903 1111 1978 Xiphil.‚
1127 1907 1175 1963 ub.

94 2064 98 2070 .
151 2017 270 2072 511Ρ·εΡ·
287 2007 352 2071 7l9·

192 2095 219 2144 A
238 2089 315 2143 Vibio
331 2088 438 2159 Crispo.
457 2086 499 2139 De
513 2085 567 2137 hoc
586 2081 706 2153 Quintil.
718 2121 726 2149 ,
740 2083 844 2147 Insui,
860 2101 892 2153 x,
915 2102 925 2136 1
946 2103 952 2137 :
968 2110 979 2132 ιι
998 2086 1097 2140 vibius
1113 2087 1177 2141 Cri-

152 2200 219 2253 spus
233 2178 406 2252 compositus
416 2186 444 2230 et
455 2174 611 2246 jucundus,
626 2183 653 2227 et
668 2171 847 2226 delectationi
856 2184 951 2244 natus;
960 2175 1076 2248 privatis
1085 2188 1177 2232 tamen

132 2329 135 2334 ,
154 2271 244 2325 causis
256 2289 341 2344 quarn
355 2267 476 2342 publicis
489 2265 597 2320 melior.
617 2263 659 2318 Ci.
675 2265 829 2332 lumen,
844 2276 893 2318 sat.
910 2285 949 2334 εν,
968 2267 1013 2320 8ε.

195 2364 227 2415 In
253 2361 372 2415 secundo
387 2379 436 2413 suo
458 2359 610 2412 consulatu.
627 2359 722 2425 Quum
748 2373 896 2411 numerare
916 2359 1004 2412 soleat
1028 2359 1180 2414 Suetonius

155 2471 213 2506 non
235 2452 391 2506 ordinarios
412 2449 500 2504 modo
520 2447 697 2514 consulatus,
717 2445 868 2500 sedetiam
889 2447 1040 2518 suffectos,
1065 2449 1181 2525 intelligi

155 2561 214 2597 non
235 2552 343 2614 potest,
365 2540 420 2596 nisi
437 2539 544 2612 primus
564 2536 725 2592 ordinarius
745 2533 892 2609 (secundus
911 2538 1003 2606 idem,
1018 2541 1039 2593 si
1058 2542 1181 2612 primum

156 2633 305 2690 suffectum
323 2627 540 2704 annumeraris),
559 2629 677 2683 docente
693 2627 733 2681 Cl.
751 2629 834 2680 Huse.

196 2727 348 2797 Alteroque
361 2741 443 2776 anuo.
458 2720 627 2794 Neutiquam
642 2735 699 2773 esse
712 2728 805 2789 potest
818 2719 975 2790 insequenti
987 2721 1044 2775 sive
1049 2724 1182 2794 proximo

156 2827 222 2890 post
236 2815 388 2870 secundum
402 2813 578 2867 consulatum
596 2809 737 2884 (privatus
756 2810 830 2863 enim
844 2810 949 2879 adhuc,
966 2813 1114 2883 quomodo
1128 2819 1182 2866 ,lu-

155 2921 267 2984 gustam
286 2927 404 2963 uxorem
427 2907 548 2961 salutare
564 2903 706 2978 potuiti),
726 2903 776 2958 sed
797 2907 886 2958 altero
909 2905 1022 2976 imperii
1042 2923 1134 2968 anuo,
1155 2906 1181 2958 irl

159 3000 239 3072 quod
253 3002 345 3054 elucet
364 3017 397 3053 ex
411 2997 510 3070 capitis
524 2994 642 3051 exordio
655 2996 726 3048 iuter
740 2995 816 3048 initia
829 2997 1013 3068 principatus.

199 3091 355 3145 Hiutrionis.
374 3092 464 3157 Quem
490 3107 506 3142 a
526 3087 690 3141 Domitiano
705 3086 827 3139 occisum
850 3085 918 3139 dicit
934 3087 1058 3159 Xiphil,
1087 3106 1184 3154 uxvrr,

159 3201 188 3254 p-
205 3181 261 3254 759
277 3201 284 3235 :
298 3191 344 3240 Τὸν
357 3191 432 3256 Πάριν
452 3190 491 3238 τὸν
508 3189 624 3255 ὀρχηστὴν
641 3189 662 3236 lv
679 3187 741 3253 μέσῃ
757 3193 786 3252 τῇ
803 3181 852 3253 tin
865 3179 899 3235 tt
912 3188 986 3242 αὐτὴν
1003 3189 1123 3256 φονεύεις.

202 3272 375 3346 Repudeuvit.
395 3271 441 3325 Ab
455 3273 528 3324 Urso
543 3270 694 3342 impulsus;
710 3267 818 3339 Xiphil.
827 3307 835 3334 ,
851 3267 914 3320 ibid.

199 3365 263 3418 cn.
280 3364 329 3416 IV.
346 3363 477 3416 Proelium
492 3361 607 3432 duplex.
627 3360 669 3412 lta
683 3358 805 3430 Xiphil„
819 3359 868 3412 ub.
883 3377 944 3431 sup.
953 3401 961 3428 ‚
978 3378 1004 3432 p.
1024 3361 1089 3429 762.

201 3457 250 3509 Ad
260 3453 437 3526 lychnuchos.
447 3452 490 3506 nd
500 3470 572 3524 quos
580 3461 608 3505 et
618 3449 745 3504 convivia
759 3449 894 3503 exhibuit.
907 3450 1003 3522 triph„
1014 3451 1089 3518 inu,
1103 3453 1167 3520 763.

202 3547 299 3600 Paria.
314 3543 491 3616 Subintellig.
506 3541 701 3616 gladiatorum.

201 3638 280 3690 Fecit
294 3650 326 3690 et.
341 3640 412 3692 Μ]
440 3636 504 3702 841.

203 3727 315 3783 Centum
323 3729 431 3782 missus.
439 3729 473 3781 ll.
484 3745 507 3780 e.
518 3736 549 3779 ut
557 3736 668 3780 centum
678 3744 775 3780 currus
785 3744 800 3779 e
813 3725 971 3780 carceribus
983 3725 1185 3780 emitterentur.

204 3822 348 3894 Corripuit.
364 3823 402 3875 Ut
411 3818 563 3892 quinquies
572 3826 681 3872 tantum
691 3818 798 3891 singula
812 3817 951 3872 curricula
968 3816 1074 3871 circum
1086 3829 1187 3871 metam

162 3923 326 3985 agerentur,
343 3931 401 3968 non
420 3912 538 3983 septies,
557 3929 616 3984 quo
629 3921 740 3983 tempus
761 3909 859 3964 melius
873 3907 1011 3963 sufficeret
1027 3909 1062 3962 ad
1078 3919 1188 3962 centurn

162 4003 270 4059 missus.

206 4097 337 4150 Instituit.
354 4099 385 4150 A·
400 4097 434 4152 U.
451 4094 515 4166 839.
