3242 5446
418 453 487 574 'aaa
853 574 858 586 ,
893 502 1007 562 rorn

471 623 508 676 Ia
526 615 635 676 Sicilia.
655 615 776 675 Addidit
793 617 823 674 in
836 617 942 676 Sicilia
950 659 960 689 ,
976 618 1112 694 quoniam
1125 621 1222 676 Itone
1242 622 1327 680 etiam
1348 625 1474 680 Veneris

431 711 558 787 meina
577 711 715 786 templum
731 721 801 768 erat.
1072 733 1074 736 ·

471 817 653 890 Pmsatioae.
669 816 711 872 Ci.
731 819 810 887 Lar„
826 837 856 888 1,
877 825 925 885 nl..

472 921 536 976 cla.
556 921 663 976 XXVI.
684 922 862 996 proneptem.
877 919 976 977 Filiam
995 921 1094 992 Iulia,
1112 923 1206 996 neptis
1225 925 1351 1000 Augusti.
1379 963 1385 968 -

474 1011 669 1084 offenderunt.
689 1014 772 1068 Pater
789 1013 920 1069 AEmilius
940 1014 1138 1085 conjuratione
1162 1015 1192 1070 in
1213 1019 1389 1092 Augustum,
1410 1033 1477 1070 mn-

430 1115 476 1159 ter
492 1103 567 1159 Iulia
581 1103 645 1158 vitae
659 1105 847 1176 turpitudine.

416 1164 421 1242 i
470 1204 585 1277 Affecti.
600 1209 627 1262 A
646 1207 766 1264 tribuno
785 1209 815 1263 in
828 1208 918 1264 hortis
932 1209 1118 1281 Lucullianis,
1138 1221 1210 1266 auct.
1225 1211 1328 1280 Tacit,
1342 1215 1472 1279 Arnai,

431 1317 477 1368 xa,
497 1301 532 1368 37
549 1311 577 1354 et
596 1300 633 1357 38
648 1319 656 1354 z
673 1323 689 1350 a
702 1289 790 1356 'I'unc'
802 1301 925 1373 primunt
943 1302 1087 1357 fortunam
1105 1323 1184 1358 suam
1200 1303 1385 1377 introspexit,
1406 1305 1470 1359 Ier-

431 1409 554 1465 rumque
573 1391 695 1464 accepit,
714 1393 795 1465 quod
815 1393 918 1448 frustra
934 1392 1035 1467 jugulo
1050 1411 1082 1446 ac
1101 1393 1210 1466 pectori
1227 1411 1280 1466 per
1297 1393 1475 1466 trepidatio-

430 1501 496 1538 nem
516 1483 685 1552 adrnovms,
699 1483 759 1537 ictu
777 1483 885 1537 tribuni
906 1483 1113 1558 transfigitur.»

416 1571 420 1604 ¹.
474 1589 692 1644 conditionibus.
714 1590 749 1644 H.
771 1606 794 1642 c.
813 1585 1007 1643 matrimoniis.

418 1676 422 1736 i
474 1693 679 1768 Coajagiorum.
703 1692 808 1762 Tacit,
830 1695 948 1759 Arnai,
969 1711 1032 1760 xrr,
1060 1713 1076 1763 7
1098 1713 1105 1747 :
1127 1695 1288 1749 «Senatum
1309 1693 1472 1770 ingressus,

433 1787 576 1841 decretum
594 1787 719 1858 postulat
730 1803 790 1858 qno
803 1783 886 1856 justae
903 1783 976 1839 inter
991 1795 1110 1858 patruos
1125 1784 1299 1859 fratrumque
1319 1783 1389 1842 filias
1407 1805 1470 1842 nu-

431 1878 498 1950 ptioe
509 1877 593 1932 etiarn
611 1879 640 1932 in
653 1887 799 1950 posterum
814 1887 1037 1932 statuerentur.»

416 2033 419 2044 ‚
473 1981 534 2036 Nec
554 1984 677 2054 repertis.
699 1982 771 2036 ibid.
795 1983 941 2054 :aNeque
961 1991 1054 2035 tamen
1077 1993 1208 2053 repertus
1226 1993 1284 2052 cst,
1306 1981 1359 2038 nisi
1376 2000 1470 2052 num,

432 2073 496 2130 talis
515 2073 689 2129 matrimonii
710 2072 833 2146 cupitor,
853 2074 886 2127 T.
904 2072 1034 2128 Alledius
1049 2074 1186 2142 Severus,
1210 2093 1297 2146 eques
1315 2091 1470 2142 romanus,

414 2147 419 2181 ¹
434 2183 517 2238 quem
531 2164 662 2238 plerique
677 2163 843 2238 Agrippinae
861 2163 951 2237 gratia
965 2162 1118 2236 impulsum
1131 2163 1268 2219 serebant.
1280 2189 1293 2213 »

419 2256 421 2278 ⁵
474 2269 539 2323 Cir.
560 2269 682 2324 XXVII.
700 2270 922 2341 Desponsatam.
937 2267 979 2322 ef.
999 2269 1100 2322 Tacta.
1110 2309 1120 2338 ,
1138 2269 1261 2333 Aurini,
1277 2286 1336 2337 ιιι,
1351 2267 1376 2322 3.

470 2373 633 2446 Adoptauit.
650 2373 686 2427 A.
701 2373 738 2428 11.
760 2372 826 2427 803.
844 2371 952 2441 Tacit,
965 2373 983 2426 1.
999 2391 1039 2440 c.,
1056 2370 1092 2427 25
1106 2391 1114 2427 :
1130 2397 1142 2420 a
1152 2374 1182 2428 C.
1196 2371 1337 2440 Antistio,
1349 2373 1389 2426 tl.
1403 2373 1469 2427 Sui-

431 2463 472 2518 lio
490 2482 577 2534 coss,
593 2463 712 2537 adoptio
726 2462 756 2518 in
765 2462 935 2534 Domitium,
944 2463 1112 2519 auctoritate
1126 2463 1272 2533 Pallantis,
1286 2463 1441 2520 festinatur.
1450 2489 1467 2513 ι

421 2551 427 2594 ¹
471 2569 536 2625 co.
551 2570 690 2625 XXVIII.
706 2570 831 2625 Posides.
845 2571 890 2624 De
906 2587 967 2643 quo
984 2571 1133 2638 Juvenal,
1152 2579 1202 2624 sat.
1222 2586 1288 2638 xrv,
1308 2586 1343 2642 9¹
1360 2587 1368 2622 t

573 2743 606 2789 Ut
618 2739 692 2805 spado
706 2741 815 2790 elucebat
828 2740 945 2806 Capitolia
959 2750 1039 2790 nostra
1053 2739 1157 2789 Posides.

474 2908 566 2960 Hasta
575 2925 662 2978 pura.
679 2905 716 2960 II.
737 2924 762 2962 e.
775 2905 836 2961 sine
848 2905 934 2961 semo.
954 2905 1001 2962 Sic
1019 2905 1116 2980 virg„
1134 2907 1259 2973 AEneid,
1274 2924 1322 2976 vr,
1343 2905 1426 2975 760:
1499 2906 1503 2914 '

536 3081 591 3141 llle,
606 3079 685 3140 videa,
699 3097 758 3146 prun
769 3079 863 3146 juvenis
877 3080 919 3146 qui
934 3079 1018 3131 nititur
1030 3080 1107 3131 hasac

432 3247 475 3305 CI.
490 3248 577 3303 Sana.
591 3247 670 3302 adh.
687 3248 707 3301 l.

421 3367 425 3406 1,
469 3339 603 3393 Felicem.
617 3338 677 3406 Qui
691 3338 745 3393 luit
763 3337 895 3393 Pallantis
908 3337 1002 3392 irater.
1019 3337 1062 3392 ct.
1075 3339 1191 3404 Taum,
1202 3338 1324 3400 Arnai,
1342 3354 1403 3402 ιιι,
1417 3336 1466 3402 54.

423 3420 424 3440 ³
474 3429 569 3484 Trium
596 3430 764 3500 reginarum.
793 3430 816 3482 E
844 3429 949 3502 quibus
976 3428 1040 3484 duae
1065 3429 1181 3484 luerunt
1212 3426 1357 3495 Drusillae,
1378 3428 1469 3484 altera

430 3523 471 3578 Μ.
488 3520 605 3575 Antonii
622 3521 763 3576 triumviri
785 3531 813 3576 et
833 3523 990 3594 Cleopatrae
1013 3522 1121 3594 neptis;
1146 3522 1234 3576 altera
1255 3519 1354 3577 Judaea
1381 3538 1468 3575 soror

431 3613 579 3688 Agrippae;
594 3613 676 3668 tertia
688 3613 846 3686 ignoratur.
861 3615 979 3687 Reginca
992 3623 1139 3684 vocantur,
1155 3632 1214 3668 non
1228 3611 1310 3686 quod
1326 3611 1403 3686 regia
1416 3611 1468 3666 di·

431 3704 537 3778 gnitate
551 3704 618 3777 ipsae
631 3705 803 3776 gauderent,
819 3704 870 3760 sed
891 3703 973 3776 quod
986 3721 1085 3778 regum
1098 3713 1190 3760 essent
1202 3714 1302 3776 neptes
1316 3703 1361 3756 vel
1374 3700 1446 3756 fitia.

470 3813 629 3881 Arpocran.
644 3807 736 3880 liujus
748 3808 875 3862 meminit
889 3803 997 3864 Seneca
1011 3808 1041 3862 in
1061 3801 1172 3884 Apula,
1187 3827 1216 3881 p.
1232 3806 1289 3864 888
1304 3825 1311 3860 :
1329 3808 1467 3861 «Conva-

431 3901 546 3956 iuernnt
560 3901 683 3974 primurn
693 3900 820 3954 omnium
834 3900 930 3955 liberti
943 3899 1092 3973 Polybius,
1108 3902 1211 3974 Myron
1224 3909 1253 3955 et
1269 3899 1438 3971 Harpocran
1448 3921 1466 3949 ι

472 3991 630 4064 Polybium.
640 3995 731 4064 Quem
745 3992 851 4048 Seneca
864 3991 894 4048 in
909 4003 1001 4048 morte
1014 3991 1109 4047 fratris
1121 3993 1282 4048 consolatus
1296 3999 1346 4045 est.
1358 3989 1465 4059 Quanti

432 4078 507 4138 tune
523 4083 659 4140 Claudius
673 4083 773 4140 lecerit
791 4083 877 4140 docet
889 4083 965 4154 Dio,
983 4101 1034 4152 nx,
1052 4101 1080 4157 p.
1095 4082 1162 4147 681..
