3138 5438
420 543 604 599 OCTAVIUS
627 541 830 596 AUGUSTUS.
1101 531 1136 597 5'5

100 668 150 735 dis
166 669 320 736 absentes
340 667 469 736 deferre
489 667 615 735 statuit.
638 663 751 734 Ludos
770 677 882 732 autent
902 665 1046 732 victorie
1064 668 1137 734 Cte-

101 789 181 856 saris
196 814 265 856 non
283 787 483 858 audentibus
498 787 618 873 iacere,
635 787 755 878 quibus
769 785 932 879 obtigerat
949 786 982 854 id
999 809 1136 875 munus,

103 911 170 1002 ipse
184 907 299 976 edidit.
317 911 359 976 Et
375 933 443 1000 quo
457 909 663 976 constantius
675 920 784 975 cetero
797 929 930 1000 quoquc
945 929 1137 1000 exsequere-

104 1043 170 1112 tur,
187 1030 223 1094 in
244 1026 356 1096 locum
374 1028 497 1096 tribuni
517 1025 621 1120 plebis
637 1026 721 1095 lorte
741 1025 908 1095 demortui
924 1022 1135 1096 candidatum

104 1143 325 1240 [petitorem]
344 1167 379 1214 ee
398 1145 559 1232 ostendit,
578 1157 781 1238 quemquem
799 1145 974 1238 patricius,
995 1145 1136 1221 necdum

103 1279 244 1333 senator.
260 1264 325 1334 Sed
344 1265 540 1334 sdversnnte
555 1263 729 1334 conatibus
745 1266 814 1333 suis
829 1267 877 1333 Μ.
894 1267 1043 1334 Antonio
1057 1285 1136 1334 con·

103 1381 188 1464 sule,
206 1405 308 1475 quem
327 1382 376 1452 vel
393 1384 595 1476 precipuum
615 1382 801 1475 adjutorem
818 1399 1019 1476 speraverat,
1040 1409 1078 1453 sc
1096 1411 1138 1453 nc

104 1501 277 1596 publicum
292 1501 426 1594 quidem
440 1517 474 1570 et
489 1501 726 1572 translaticium
739 1501 794 1595 jus
810 1499 878 1571 ullu
892 1504 925 1570 in
941 1527 977 1570 re
991 1504 1052 1572 sibi
1068 1505 1137 1572 siue

104 1624 259 1714 pactione
271 1621 471 1714 gravissimu
486 1619 647 1688 mercedis
663 1622 895 1715 impertiente,
905 1622 947 1690 sd
962 1623 1137 1715 optimates

104 1767 137 1808 se
147 1740 311 1825 contulit;
323 1741 444 1832 quibus
458 1763 534 1810 eum
551 1739 694 1810 invisum
708 1741 882 1826 sentiebat,
896 1741 1037 1808 maxime
1048 1741 1137 1834 quod

104 1863 280 1928 Decimum
295 1863 436 1929 Brutum
449 1861 618 1928 obsessum
629 1861 785 1946 Mutinae,
798 1857 968 1952 pluvinciu
980 1886 999 1929 u
1011 1865 1138 1930 Cressre

104 1978 198 2062 data,
223 1993 259 2048 ct
282 2001 341 2072 per
368 1985 518 2046 senatum
544 1977 758 2065 confirmata,
777 1973 940 2071 eipellere
963 1983 1062 2048 armis
1087 1983 1137 2049 ni·

105 2111 237 2166 teretur.
267 2098 486 2166 ilortnntibus
512 2097 624 2189 ituque
652 2095 843 2184 nonnullis,
870 2121 1079 2191 percussores
1107 2103 1136 2168 ci

104 2217 318 2302 subornavit,
341 2241 380 2285 ac
403 2215 518 2286 bande
540 2215 764 2309 deprebensa,
791 2216 972 2308 periculum
998 2220 1136 2289 invicem

105 2353 273 2423 metuens,
301 2352 472 2405 veteranos
490 2335 590 2404 simul
610 2338 643 2403 in
662 2360 813 2404 suumne
833 2335 1022 2430 reipublicae
1044 2326 1137 2408 euxi-

104 2455 204 2544 lium,
233 2471 361 2550 quanta
391 2457 501 2549 potuit
531 2454 727 2550 largitione,
755 2458 930 2524 contraxit.
960 2459 1138 2552 iussusque

103 2591 296 2670 comparato
310 2577 467 2644 exercitui
485 2589 689 2668 propraetore
707 2597 859 2667 preesse,
879 2590 913 2642 et
932 2594 1008 2644 cum
1029 2578 1137 2646 Hirtio

104 2721 139 2764 ac
162 2701 294 2782 Psusu,
319 2695 376 2788 qui
402 2693 611 2764 consulatum
635 2707 848 2786 acceperunt,
872 2696 1011 2762 Decimo
1033 2700 1138 2766 Bruto

102 2841 197 2910 opem
218 2817 327 2902 serre,
348 2813 584 2884 demandatum
601 2811 727 2884 bellum
747 2815 845 2880 tertio
867 2837 978 2882 mense
994 2807 1137 2885 confecit

102 2936 232 3006 duobus
250 2935 387 3029 proeliis.
406 2937 521 3003 Priore
538 2935 701 3003 Antonius
719 2955 795 3000 eum
814 2933 935 3025 fugisse
953 2934 1083 3022 scribit,
1099 2961 1137 3006 ac

101 3061 169 3124 sine
187 3055 430 3150 paludamento
449 3077 600 3145 equoque
623 3065 699 3146 post
721 3048 858 3120 biduum
881 3049 1014 3120 demum
1034 3077 1137 3148 eppo·

102 3181 202 3246 ruisse
227 3203 238 3244 ε
266 3177 433 3268 sequenti,
457 3175 535 3243 sutis
558 3187 706 3260 constat,
731 3195 797 3240 non
823 3170 922 3240 modo
944 3171 1056 3262 ducis,
1082 3175 1137 3242 sed

100 3299 199 3366 etiam
217 3294 334 3364 militis
354 3295 505 3362 stinctum
525 3315 682 3378 munere,
702 3307 801 3384 utque
821 3289 853 3360 in
873 3291 980 3360 medin
999 3291 1137 3361 dimica·
1190 3311 1193 3318 ·

100 3417 207 3496 tione,
228 3412 406 3506 aquilifero
428 3411 565 3505 legionis
588 3433 656 3480 suut
676 3412 819 3504 graviter
845 3411 1136 3502 saucio„aquilnm

101 3533 249 3602 humeris
269 3533 408 3619 subisse,
428 3531 552 3624 diuque
570 3545 728 3623 portasse.

146 3655 206 3721 tu
235 3657 309 3720 Hoc
322 3648 410 3719 bello
422 3673 526 3742 quum
540 3650 668 3748 ⁸Hirtius
684 3651 717 3714 in
734 3648 819 3732 acie,
833 3650 939 3714 Pansa
952 3643 1050 3738 paulo
1064 3661 1136 3738 post

99 3797 137 3838 ex
164 3769 306 3839 vulnere
329 3769 512 3860 perissent,
536 3789 651 3834 rumor
674 3765 873 3851 increbruit,
899 3764 1013 3832 ambos
1036 3787 1135 3856 opero

98 3893 173 3981 ejus
192 3891 341 3972 occisos,
366 3901 423 3972 ut,
441 3886 587 3954 Antonio
605 3885 736 3977 lugeto,
759 3881 925 3974 republica
946 3880 1135 3950 consulibus

97 4009 236 4092 orbato,
252 4003 341 4074 solus
357 4005 462 4072 victur
477 4017 544 4070 tres
560 3999 721 4070 eiercitus
735 4013 919 4093 occuparet.
938 4003 1049 4066 Pansae
1066 4003 1136 4091 qui-

99 4127 179 4194 dem
198 4125 278 4194 adeo
300 4136 451 4215 suspecta
472 4147 561 4190 mors
582 4121 659 4207 fuit,
681 4135 716 4188 ut
736 4116 841 4210 Glyco
863 4117 1007 4184 medicus
1028 4131 1134 4185 custo-
