3098 5446
560 487 691 544 GALBA.
1119 509 1127 544 ι
1139 511 1148 546 ι

111 610 244 682 libertos
262 612 372 706 pretio
388 609 514 696 addici,
531 627 590 682 ant
610 611 727 682 donari
747 612 853 706 gratia
871 636 986 706 passus
1006 628 1074 698 est,
1095 641 1151 684 ve-

111 729 263 828 ctigalia,
282 734 526 832 immunitates,
543 756 655 827 poenas
672 731 917 820 innocentium,
937 734 1152 828 impunitates

112 853 298 921 noxiorum.
316 853 411 943 Quin
426 855 547 938 etiam,
564 851 690 948 populo
705 877 846 922 romano
864 853 1063 948 deposcente
1076 881 1154 951 sup·

109 971 245 1067 plinium
266 972 387 1043 Haloti
400 987 433 1044 et
456 972 630 1070 Tigellini,
655 943 743 1044 solds
764 999 805 1044 ex
826 975 984 1044 omnibus
1009 978 1153 1046 Neronis

109 1095 286 1164 emissariis
315 1093 368 1164 vel
402 1092 719 1165 maleficentissimos
747 1093 929 1164 incolumes
959 1098 1112 1191 praestitit
1142 1123 1151 1166 ε

108 1229 208 1308 atque
233 1215 369 1310 insuper
389 1213 548 1284 Halotum
568 1217 804 1310 procuratione
825 1214 1030 1311 amplissima
1054 1242 1152 1287 orna·

109 1337 163 1406 vit.
176 1338 243 1405 Pro
252 1334 417 1431 Tigellino
426 1338 527 1406 etiam
537 1337 670 1406 saevitire
682 1335 845 1432 populum
856 1337 1023 1432 increpuit
1030 1338 1150 1410 edicto.

154 1460 328 1528 xv1.Per
347 1457 418 1527 haec
434 1481 539 1552 prope
557 1459 720 1527 universis
736 1457 911 1528 ordinibus
928 1457 1076 1548 offensis,
1097 1459 1150 1530 vel

109 1578 276 1672 praecipua
297 1576 460 1672 flagrabat
480 1577 605 1648 invidia
621 1577 712 1673 apud
731 1577 863 1648 milites.
881 1579 969 1649 Nam
991 1605 1095 1673 quum
1117 1581 1150 1650 in

3 1731 4 1742 κ
108 1699 208 1768 verba
222 1698 294 1792 ejus
306 1699 449 1768 absentis
460 1699 650 1792 jurantibus
667 1698 862 1768 donativum
878 1699 1037 1794 grandius
1053 1699 1152 1770 solito

3 1803 4 1806 Ἴ
108 1819 276 1915 praepositi
296 1819 592 1914 pronunciassent,
613 1843 723 1913 neque
742 1833 846 1887 ratam
869 1844 940 1888 rem
961 1819 1098 1908 babuit,
1118 1835 1151 1889 et

107 1940 249 2010 subinde
269 1941 428 2034 jactavit,
449 1969 466 2005 α
483 1938 592 2036 legere
612 1964 646 2008 se
665 1939 826 2028 militem,
847 1964 914 2010 non
939 1965 1049 2010 emere
1070 1966 1151 2011 cou-

107 2064 388 2155 suessanumque
408 2086 448 2130 eo
470 2061 605 2155 quidem
626 2061 762 2130 nomine
785 2085 919 2148 omues,
943 2063 1001 2154 qui
1030 2061 1152 2155 ubique

107 2198 224 2269 eraut,
241 2183 458 2252 exacerbavit
478 2185 635 2251 Ceterum
654 2181 876 2276 praetoriauos
893 2183 992 2250 etiam
1012 2197 1152 2252 metuet

108 2302 307 2400 indignitate
324 2304 521 2408 cpmmovit,
543 2326 719 2372 removens
738 2301 878 2370 subinde
897 2301 1095 2397 plerosque,
1115 2317 1152 2373 ut

107 2439 295 2518 suspectos,
320 2437 354 2493 et
372 2422 569 2518 Nymphidii
594 2423 712 2492 socios.
736 2421 801 2492 Sed
825 2423 968 2491 maxime
990 2423 1152 2492 fremebat

108 2545 286 2640 superioris
305 2544 493 2615 Germania
509 2543 689 2632 exercitus,
708 2541 854 2610 fraudari
875 2567 911 2610 se
932 2545 1074 2635 praemiis
1094 2569 1150 2613 na·

3 2647 4 2670 ¹
108 2679 191 2734 ratae
219 2664 378 2736 adversus
402 2662 516 2734 Gallos
541 2678 574 2731 et
598 2662 770 2731 Vindicem
796 2687 914 2756 operae.
937 2642 1029 2757 Ergo
1053 2665 1151 2756 primi

108 2785 304 2880 obsequium
333 2811 487 2879 rumpere
510 2785 603 2868 ausi,
628 2781 777 2852 kalendis
798 2783 960 2875 januariis
983 2782 1071 2876 adigi
1098 2807 1151 2850 sa·

107 2920 298 2994 eramento,
318 2907 382 2974 nisi
408 2907 442 2974 in
466 2929 589 2973 nomen
611 2917 759 2991 senatus,
780 2917 1000 2970 recusarunt:
1021 2904 1149 2971 statim·

107 3051 173 3120 quc
188 3024 387 3122 legationem
402 3025 444 3094 ad
461 3026 678 3120 praetorianos
698 3048 773 3092 eum
791 3021 954 3092 mandatis
971 3021 1152 3092 destinave-

107 3161 206 3234 runt,
235 3144 445 3240 «displicere
474 3147 708 3238 imperatorem
738 3144 772 3211 in
799 3142 959 3236 Hispania
986 3141 1112 3212 factum
1141 3170 1149 3211 ε

106 3265 264 3364 eligerent
279 3239 361 3361 ipsi,
381 3289 482 3361 quem
499 3265 610 3334 cuncti
630 3264 792 3334 exercitus
810 3263 1109 3358 comprobarent.»

153 3391 265 3460 xvtt.
278 3387 379 3478 Quod
390 3401 428 3456 ut
440 3387 636 3457 nunciatum
652 3398 719 3472 est,
736 3383 904 3477 despectui
917 3407 987 3452 esse
1000 3408 1068 3452 nou
1084 3399 1150 3452 tam

106 3523 272 3580 senecmm
292 3533 407 3595 suam,
423 3532 524 3602 quam
544 3507 723 3576 orbitatem
744 3518 855 3591 ratus,
874 3504 1026 3572 Pisonem
1048 3504 1149 3598 Frugi

107 3632 337 3717 Heiuiauum,
366 3627 511 3698 nobilem
541 3627 780 3723 egregiumque
807 3626 986 3718 juvenem,
1017 3648 1055 3692 ac
1088 3624 1150 3692 sibi

107 3749 188 3821 olim
205 3749 498 3845 probatissimum,
516 3760 779 3840 testamentoque
802 3769 932 3838 semper
955 3746 988 3812 iu
1009 3744 1098 3811 bona
1119 3758 1151 3812 et

109 3895 230 3941 nomen
249 3870 410 3954 ascitum,
426 3884 563 3962 repente
581 3892 600 3936 e
617 3867 724 3936 media
739 3863 954 3935 salutantium
973 3863 1070 3931 turba
1090 3887 1150 3956 ap·

109 3991 304 4084 prebendit;
324 3988 495 4083 filiumque
515 3986 704 4083 appellans,
727 3985 880 4081 perduxit
899 3986 935 4054 iu
960 3999 1089 4064 castra,
1112 4007 1151 4051 ac

110 4137 172 4206 pro
194 4114 355 4182 concione
377 4111 567 4205 adoptavit3
585 4135 627 4178 ue
651 4124 730 4180 tunc
757 4105 890 4201 quidem
912 4103 1059 4172 donativi
1086 4101 1152 4172 ulla
