3138 5438
455 533 484 589 c.
503 533 784 593 rueruscnsan.
871 520 876 530 ’
1107 563 1135 598 ι,
1205 577 1208 582 ·

108 671 168 724 tum
186 655 327 750 injecit,
348 671 387 726 ut
405 657 446 726 ad
468 683 575 752 genua
594 657 683 730 ultro
705 663 767 731 sibi
786 661 957 733 accideret.
978 667 1137 738 Cicerone

112 775 276 869 injudicio
288 775 436 869 quodam
450 776 642 874 deplorante
657 793 846 876 temporum
860 797 1001 868 statum,
1013 790 1049 854 P.
1064 786 1139 858 Clo·

108 896 191 966 dium
212 897 389 966 inimicum
407 901 498 991 ejus,
515 899 637 970 frustra
657 903 726 996 jam
749 903 876 996 pridem
896 929 914 971 a
932 907 1081 998 patribus
1096 909 1138 976 ad

108 1015 230 1110 plebem
254 1019 399 1086 transire
425 1021 605 1107 nitentem,
631 1021 747 1107 eodem
767 1022 840 1108 die,
860 1024 1007 1117 horaque
1028 1051 1136 1108 nona,

109 1133 301 1204 transduxit.
326 1139 499 1228 Rostremo
519 1139 552 1205 in
573 1139 743 1208 universos
764 1141 899 1212 diverse
918 1143 1069 1214 factionis
1089 1147 1138 1213 in-

107 1252 195 1322 duxit
220 1256 375 1323 Vettium
404 1257 567 1349 praemiis,
593 1271 630 1326 ut
655 1283 690 1326 se
718 1257 758 1326 de
784 1259 953 1330 inferenda
980 1265 1137 1356 Pompeio

108 1397 180 1441 nece
198 1370 416 1442 sollicitatum
437 1399 456 1442 a
479 1375 674 1468 quibusdam
695 1377 925 1469 profiteretur,
944 1379 1137 1472 productus-

107 1517 166 1585 que
188 1517 254 1586 pro
277 1494 393 1562 rostris
417 1509 569 1564 auctores
591 1520 630 1563 ex
651 1510 823 1590 compacto
844 1498 1058 1566 nominaret:
1080 1499 1136 1568 sed

108 1634 169 1680 uno
196 1625 301 1706 atque
326 1609 429 1680 altero
456 1611 596 1700 frustra,
621 1637 682 1682 nec
707 1615 777 1682 sine
803 1615 987 1706 suspicione
1012 1615 1135 1686 fraudis

107 1731 304 1818 nominatis,
325 1729 500 1824 desperans
522 1745 587 1800 tam
613 1733 789 1825 praecipitis
811 1731 938 1802 consilii
960 1749 1135 1822 eventum,

107 1851 321 1942 intercepisse
337 1874 465 1918 veneno
482 1850 622 1918 indicem
640 1851 795 1920 creditur.

146 1972 246 2038 XXI.
274 1969 343 2037 Sub
368 1969 456 2038 idem
480 1983 607 2063 tempus
629 1969 862 2063 Calpurniam,
883 1973 921 2040 L.
946 1972 1075 2040 Pisonis
1096 1971 1134 2040 fi·

106 2075 196 2173 liam,
212 2089 393 2157 successuri
411 2090 471 2157 sibi
488 2090 522 2156 in
539 2088 729 2174 consulatu,
743 2089 836 2158 duxit
852 2115 986 2158 uxorem
1002 2115 1010 2158 r
1025 2115 1134 2158 suam-

104 2231 184 2299 que,
205 2205 346 2294 Iuliam,
364 2209 426 2276 Cn.
448 2209 605 2302 Pompeio
626 2207 819 2296 collocavit,
838 2209 1009 2302 repudiato
1026 2209 1136 2302 priore

104 2351 225 2420 sponso
257 2323 397 2396 Servilio
428 2329 602 2420 Caepione,
630 2329 723 2420 cujus
758 2325 808 2395 vel
842 2329 1007 2420 precipua
1036 2351 1136 2420 opera

104 2446 203 2538 paulo
221 2461 300 2514 aute
316 2442 471 2514 Bibulum
490 2447 750 2540 impugnaverat.
766 2448 814 2514 Ac
832 2461 907 2538 post
927 2470 1046 2514 novam
1065 2443 1135 2512 affi-

102 2567 240 2634 nitatem
266 2566 462 2659 Pompeium
486 2549 629 2658 primuni
655 2587 771 2658 rogare
799 2566 994 2633 sententiam
1017 2565 1135 2656 coepit,

103 2711 206 2777 quum
226 2687 388 2753 Crassum
408 2681 545 2766 soleret,
568 2697 716 2775 essetque
737 2681 962 2768 ¹consuetudo,
981 2696 1018 2749 ut
1037 2705 1135 2773 quem

101 2803 253 2872 ordinem
278 2801 504 2895 interrogandi
525 2802 701 2870 sententias
721 2798 833 2868 consul
855 2798 1000 2867 kalendis
1018 2801 1136 2892 janua-

103 2924 155 2990 riis
172 2922 391 3006 instituisset,
408 2945 485 2988 eum
502 2935 573 2989 toto
590 2945 677 2988 anno
694 2933 913 2988 conservaret.

142 3044 258 3110 xxlt.
297 3043 418 3108 Socero
448 3040 550 3133 igitur
578 3017 764 3132 generoque
793 3037 1082 3131 suffragantibus,
1100 3061 1139 3104 ex

101 3162 191 3227 omni
218 3159 467 3253 provinciarum
493 3159 587 3250 copia
613 3156 756 3226 Galliam
784 3157 991 3249 potissimum
1019 3155 1136 3250 elegit,

101 3283 194 3372 cujus
212 3276 443 3347 emolumento
460 3291 494 3344 et
511 3277 779 3370 opportunitate,
800 3275 917 3347 idonea
941 3276 983 3344 sit
1002 3278 1139 3346 materia

101 3396 365 3490 triumphorum.
395 3399 438 3464 Et
464 3395 558 3464 initio
589 3394 720 3488 quidem
751 3393 895 3464 Galliam
915 3394 1137 3487 Cisalpinam,

99 3514 234 3608 Illyrico
248 3514 398 3606 adjecto,
412 3512 483 3608 lege
496 3515 630 3583 Vatinia
644 3514 768 3607 accepit
783 3539 791 3580 :
808 3537 884 3581 mox
898 3537 958 3607 per
969 3529 1138 3590 senatum,

100 3637 280 3704 Comatam
303 3611 456 3726 qtruque3
478 3634 590 3702 veritis
613 3633 782 3726 patribus,
804 3657 866 3719 ne,
889 3633 915 3700 si
937 3633 999 3726 ipsi
1024 3655 1138 3725 negas·

97 3769 192 3842 sent,
219 3752 367 3848 populus
388 3767 422 3821 ct
441 3753 527 3822 hanc
553 3752 654 3820 daret.
679 3752 756 3838 Quo
779 3751 899 3844 gaudio
920 3749 1045 3838 elatus,
1071 3772 1138 3820 non

98 3874 320 3968 temperavit,
338 3873 420 3965 quin
438 3895 559 3964 paucos
577 3885 652 3964 post
667 3869 735 3938 dies
751 3871 914 3963 frequenti
931 3871 1022 3940 curia
1036 3870 1139 3962 jacta-

95 4009 167 4080 ret,
188 3994 304 4061 invitis
322 4007 356 4060 et
373 3991 579 4085 gementibus
599 3991 793 4060 adversariis
814 3989 971 4082 adeptum
992 4013 1044 4074 se,
1066 4012 1139 4080 qum

96 4115 332 4206 concupisce
353 4111 493 4205 proinde
512 4138 551 4180 ex
569 4139 608 4181 eo
626 4111 858 4181 insultaturum
881 4110 1028 4178 omnium
1052 4113 1140 4202 capi-
