3168 5440
333 507 385 564 DE
402 506 648 564 antistamus
669 508 953 566 GRAMMATICIS.
1137 517 1178 586 93
1236 591 1239 600 Ι

133 645 167 698 et
183 629 291 700 audiit
307 646 339 700 et
357 633 505 700 imitatus
520 646 569 700 est
586 629 781 700 Cornelium
804 631 1047 723 Alexandrum,
1065 661 1179 730 gram·

108 752 292 820 ¹maticum
319 777 462 846 graecum
489 775 618 845 :quem
640 767 778 846 propter
800 754 1007 847 antiquitatis
1024 758 1178 826 notitiam

133 872 376 966 Polrbr'storem
396 871 512 960 multi,
533 872 668 965 quidam
686 874 872 942 Historiam
893 874 1067 944 vocabant.
1091 879 1178 947 Prae·

133 991 195 1060 fuit
223 991 379 1088 palatine.
404 991 614 1061 bibliothecae
636 1018 644 1060 ε
666 1017 728 1061 nec
752 1017 792 1061 eo
810 995 915 1064 secius
933 993 1095 1088 plurimos
1117 999 1178 1066 do-

131 1114 201 1180 cuit
219 1139 228 1181 2
248 1112 378 1207 fuitque
397 1111 672 1182 familiarissimus
688 1113 811 1182 Ovidio
828 1129 952 1208 poetae,
973 1129 1006 1186 et
1021 1103 1102 1186 Caio
1118 1120 1177 1186 Li-

130 1234 220 1301 cinio
238 1231 426 1312 consulari,
446 1233 622 1319 historico;
637 1234 694 1325 qui
710 1258 785 1301 eum
800 1233 982 1304 admodum
996 1261 1174 1331 pauperem
1274 1293 1276 1298 ,

132 1353 309 1423 decessisse
327 1353 450 1440 tradit,
470 1368 503 1421 et
526 1351 723 1422 liberalitate
740 1379 820 1442 sua,
836 1355 948 1448 quoad
967 1357 1102 1443 vixerit,
1119 1383 1175 1427 su-

130 1487 324 1542 stentatum.
349 1474 457 1566 Hujus
477 1471 614 1542 libertus
633 1473 695 1542 fuit
711 1476 818 1542 Julius
837 1475 1028 1565 Modestus,
1048 1478 1082 1544 in
1102 1493 1173 1547 stu-

128 1593 193 1662 diis
213 1608 314 1687 atque
334 1593 486 1663 doctrina
507 1594 644 1686 vestigia
665 1595 797 1687 patroni
814 1609 955 1664 secutus.

174 1715 268 1782 XXI.
299 1716 337 1784 C.
362 1711 534 1800 Melissus,
561 1711 690 1806 Spoleti
714 1728 826 1802 natus,
845 1715 1030 1810 ingenuus,
1054 1718 1111 1786 sed
1129 1721 1172 1788 ob

126 1831 327 1902 discordiam
347 1848 521 1927 parentum
544 1834 735 1926 expositus,
758 1857 838 1902 cura
856 1849 888 1903 et
911 1835 1072 1906 industria
1092 1838 1173 1907 edu-

126 1956 252 2023 catoris
279 1955 330 2022 sui
361 1952 480 2022 altiora
508 1951 617 2021 studia
648 1956 812 2047 percepit,
841 1979 881 2023 ec
909 1959 1082 2028 Maecenati
1109 1984 1171 2052 pro

124 2075 346 2170 grammatico
373 2076 503 2142 muneri
529 2073 626 2142 datus
651 2087 709 2142 est.
732 2076 795 2143 Cui
816 2100 920 2168 quum
939 2102 973 2146 se
990 2094 1121 2173 gratum
1138 2097 1172 2150 et

123 2209 301 2290 acceptum
315 2195 349 2262 in
364 2194 500 2263 modum
515 2195 614 2263 amici
633 2193 773 2282 videret,
788 2220 989 2289 quamquam
1004 2217 1171 2270 asserente

122 2329 252 2398 matre,
269 2315 449 2408 permansit
466 2328 576 2382 tamen
594 2315 627 2381 in
647 2329 734 2382 statu
751 2317 938 2404 servitutis,
956 2336 1170 2412 praesentem·

121 2460 188 2529 que
202 2434 430 2504 conditionem
447 2459 532 2502 verae
549 2434 672 2527 origini
684 2437 881 2528 anteposuit.
894 2439 1009 2525 Quare
1025 2443 1091 2509 cito
1106 2468 1171 2511 ma·

121 2557 315 2642 numissus,
335 2559 486 2648 Augusto
503 2556 602 2622 etiam
618 2555 805 2623 insinuatus
818 2571 881 2644 est;
897 2582 964 2648 quo
979 2558 1168 2654 delegante,

116 2699 240 2744 curam
257 2673 518 2743 ordinandarum
533 2672 809 2742 bibliothecarum
828 2678 862 2742 in
878 2679 1024 2746 Octaviae
1039 2684 1167 2771 porticu

115 2797 278 2890 suscepit.
302 2801 428 2887 Atque,
446 2809 481 2862 ut
503 2796 573 2887 ipse
594 2793 710 2877 tradit,
730 2797 965 2889 sexagesimum
983 2799 1088 2871 aetatis
1110 2825 1168 2868 an·

115 2943 202 2986 rrum
224 2941 343 3011 agens,
359 2913 490 2983 libellos
506 2915 735 3012 Ineptt'orum,
758 2916 815 3006 qui
834 2940 923 2985 nunc
940 2921 1094 2986 locorum
1114 2920 1166 2988 in·

112 3039 337 3122 scribuntur,
353 3059 552 3128 componere
570 3035 712 3102 instituit
733 3033 965 3128 :absolvitque
983 3052 1115 3106 centurn
1134 3055 1168 3108 ct

110 3158 385 3253 quinquaginta,
408 3156 529 3248 quibus
548 3171 581 3222 et
599 3153 681 3224 alios
702 3153 823 3222 diversi
842 3156 952 3248 operis
970 3171 1087 3250 postea
1105 3159 1166 3227 ad-

108 3279 217 3348 didit.
240 3278 331 3344 Fecit
350 3291 383 3344 et
409 3299 533 3343 novum
559 3298 664 3368 genus
683 3277 907 3367 Togatarum,
936 3277 1167 3372 inscripsitque

113 3397 328 3470 Trabeatas.

162 3521 282 3589 XXII.
302 3520 350 3587 M.
370 3517 574 3611 Pomponius
589 3514 784 3600 Marcellus,
802 3518 963 3586 sermonis
981 3515 1074 3585 latini
1093 3542 1166 3586 exa·
1273 3505 1276 3511 ¹

101 3657 190 3712 ctor
210 3638 481 3724 molestissimus,
502 3638 536 3704 in
555 3635 770 3706 advocatione
789 3636 932 3729 quadam
947 3638 1043 3732 (nam
1063 3637 1164 3706 inter-

99 3764 200 3832 dum
212 3775 246 3830 et
267 3783 382 3829 causas
395 3755 532 3853 agebat)
544 3754 765 3826 soloecismum
782 3757 824 3826 ab
837 3757 1026 3826 adversario
1041 3757 1165 3826 lactum

97 3905 226 3977 usque
247 3879 330 3948 adeo
354 3873 494 3972 arguere
517 3879 760 3970 perseveravit,
781 3876 892 3970 quoad
913 3877 1044 3946 Cassius
1062 3880 1164 3946 Seve-

94 4027 187 4089 rus,
212 3996 432 4093 interpellatis
447 3995 635 4092 judicibus,
663 3996 855 4067 dilationem
872 3997 966 4090 petiit
986 4021 994 4064 :
1012 4026 1027 4060 u
1043 4011 1080 4065 ut
1097 3995 1164 4065 liti·

92 4135 214 4215 gator
232 4141 312 4186 suus
331 4115 432 4186 alium
453 4118 704 4210 grarrtmaticum
725 4118 916 4204 adhiberet;
933 4116 1067 4209 quando
1097 4142 1165 4186 non
