3168 5440
513 591 765 648 summanus.
1123 593 1162 669 a,

120 716 171 784 bis
192 713 323 808 aliquot·
345 712 552 804 consulares,
578 717 747 786 interemit
769 739 840 790 :ex
868 717 990 810 quibus
1010 718 1161 788 Civicum

121 833 283 906 Cerialem
304 835 338 903 in
357 836 431 929 ipso
447 837 532 904 Asiae
552 834 809 929 proconsulatu3
828 835 1053 906 Salvidienum
1072 837 1164 906 Orfi·
1183 915 1185 919 ,

121 971 215 1043 tum,
238 953 384 1024 Acilium
411 953 627 1026 Glabrionem
651 958 684 1024 in
715 955 852 1042 exsilio,
873 957 968 1049 quasi
992 955 1163 1026 molitores

119 1101 283 1144 novarum
300 1100 437 1144 rerum:
458 1090 586 1145 ceteros
604 1075 770 1145 levissima
789 1101 954 1171 quemque
973 1075 1015 1145 de
1033 1101 1132 1146 causa
1155 1104 1163 1145 :

118 1195 242 1266 AElium
259 1199 427 1284 Lamiam,
446 1197 490 1266 ob
504 1199 701 1291 suspiciosos
720 1197 874 1292 quidem,
891 1223 1005 1294 verum
1024 1213 1059 1268 et
1076 1213 1164 1267 vete-
1252 1190 1256 1198 ’

118 1339 174 1386 res
192 1332 226 1386 et
244 1318 397 1387 innoxios
410 1319 526 1412 joros;
544 1316 635 1410 quod
651 1333 725 1412 post
743 1318 922 1388 abductam
940 1342 1075 1388 uxorem
1091 1316 1163 1387 lau·

119 1437 212 1506 danti
234 1461 349 1506 vocem
365 1461 458 1506 suam
478 1433 614 1508 εὖτακτῶ
636 1439 781 1527 dicerat;
796 1439 953 1533 quodque
971 1440 1064 1526 Tito,
1085 1439 1164 1507 hor·

119 1559 203 1626 tanti
228 1581 264 1625 se
279 1557 321 1626 ad
338 1557 481 1626 alterum
500 1559 767 1646 matrimonium,
786 1558 1022 1652 responderat,
1044 1557 1095 1650 μὴ
1109 1567 1162 1627 cal

115 1675 158 1748 σύ
174 1675 327 1768 γαμῆσαι
347 1674 464 1766 litam
482 1676 630 1748 Salvium
648 1680 889 1766 Cocceianum,
909 1679 999 1773 quod
1018 1679 1163 1750 Othonis
1231 1696 1234 1705 ¹

113 1801 351 1894 imperatoris,
377 1801 487 1894 patrui
518 1801 588 1887 sui,
617 1800 706 1868 diem
737 1799 880 1869 natalem
903 1799 1126 1870 celebraverat
1154 1823 1162 1866 :

119 1919 263 1988 Matium
287 1920 566 2014 Pomposiauum,
583 1920 674 2013 quod
699 1921 821 1989 habere
837 1920 1084 2014 imperatoriam
1104 1943 1163 2014 ge·

120 2040 214 2108 ncsin
244 2039 347 2136 vulgo
378 2041 560 2130 ferebatur,
587 2055 621 2110 et
640 2039 729 2134 quod
747 2039 1051 2135 depictum'orbem
1069 2055 1165 2109 terrac

118 2161 152 2227 in
178 2160 391 2246 membrana,
419 2163 665 2255 concionesque
685 2185 802 2256 regum
824 2185 863 2230 ac
885 2160 1008 2230 ducum
1029 2186 1070 2230 ex
1086 2163 1164 2230 Tito

117 2280 218 2348 Livio
235 2280 480 2368 circumferret,
500 2280 656 2375 quodque
676 2283 777 2349 servis
796 2283 932 2350 nomina
955 2283 1110 2376 Magonis
1132 2296 1165 2349 et

118 2397 294 2469 Annibalis
320 2399 494 2470 indidisset
518 2399 743 2470 :Sallustium
767 2399 966 2487 Lucullum,
986 2403 1165 2470 Britanniae

115 2519 285 2614 legatum,
302 2522 393 2615 quod
411 2521 540 2591 lanceas
560 2547 655 2591 novae
672 2520 787 2590 formae
805 2520 963 2616 appellari
984 2522 1165 2591 Luculleas

115 2665 237 2734 passus
254 2655 366 2710 esset:
388 2643 525 2711 lunium
545 2643 737 2728 Rusticum,
754 2642 843 2734 quod
862 2643 942 2710 Paeti
960 2643 1114 2710 Thraseae
1133 2656 1164 2710 et

116 2759 263 2830 Helvidii
279 2763 381 2831 Prisci
396 2761 511 2832 laudes
525 2763 698 2840 edidisset,
714 2759 977 2856 appellassetque
992 2785 1047 2830 eos
1064 2789 1081 2824 u
1091 2787 1164 2830 san-

113 2884 281 2951 ctissimos
302 2883 409 2962 vir0s;
428 2911 445 2947 n
465 2885 559 2977 quus
578 2884 726 2952 criminis
743 2883 925 2950 ‘occasione
946 2880 1162 2976 philosophos

113 3027 233 3072 omnes
256 3002 348 3072 Urbe
373 3001 536 3096 Italiaque
555 3003 745 3072 summovit.
774 3001 906 3071 Occidit
922 3015 955 3069 et
973 3000 1162 3082 Helvidium

113 3122 242 3211 filium,
258 3125 351 3216 quasi
366 3124 497 3192 scenico
511 3124 629 3193 exodio
645 3124 707 3192 sub
717 3146 860 3218 persona
870 3121 998 3191 Paridis
1007 3137 1040 3190 et
1052 3124 1165 3191 OEno·

114 3269 175 3314 nes
194 3243 377 3313 divortium
398 3269 495 3314 suum
519 3269 596 3314 cum
614 3268 719 3312 uxore
736 3257 879 3314 laxasset
903 3241 1082 3313 :Flavium
1105 3247 1159 3311 Sa-

112 3365 257 3450 binum,
283 3363 427 3434 alterum
453 3389 472 3434 e
498 3363 721 3459 patruelibus,
740 3363 831 3456 quod
849 3387 926 3432 eum
947 3363 1160 3432 comitiorum

111 3483 343 3554 consularium
363 3485 417 3554 die
438 3484 659 3573 destinatum,
679 3508 854 3578 perperam
875 3508 983 3578 praeco
1002 3508 1070 3550 non
1090 3507 1165 3552 con·

109 3606 223 3676 sulem
239 3604 283 3674 ad
299 3604 477 3700 populum,
495 3605 552 3676 sed
567 3607 799 3701 imperatorum
815 3605 1076 3699 pronunciasset.
1095 3607 1163 3672 Ve-

109 3750 193 3795 rum
224 3725 398 3820 aliquanto
420 3740 496 3820 post
517 3725 623 3795 civilis
647 3724 724 3794 belli
752 3725 924 3794 victoriam
944 3725 1071 3811 saevior,
1092 3722 1163 3817 ple·

108 3871 239 3939 rosque
254 3848 360 3941 partis
382 3846 543 3933 adversae,
563 3847 644 3914 dum
665 3847 766 3915 ctiam
783 3844 922 3914 latentes
939 3845 1088 3913 conscios
1107 3845 1161 3912 in·

107 3968 279 4061 vestigat,
297 3992 387 4036 novo
404 3968 594 4060 questionis
611 3945 731 4062 genere
750 3966 917 4050 distorsit,
936 3965 1084 4034 immisso
1102 3987 1161 4056 per
1261 4021 1266 4042 ,

107 4089 273 4156 obscoena
291 4089 393 4183 igne:
415 4087 585 4156 nonnullis
608 4103 642 4156 et
659 4112 775 4156 manus
794 4083 987 4180 amputavit
1008 4085 1161 4176 Satisque

107 4221 270 4296 constat,
293 4208 377 4277 duos
398 4207 487 4279 solos
513 4233 531 4277 e
557 4210 742 4278 notioribus
761 4208 855 4276 venia
877 4205 1035 4294 donatos,
1055 4205 1165 4274 tribu·
