3108 5434
401 451 584 510 OCTAVIUS
604 451 805 509 AUGUSTUS.
1063 466 1114 518 107

99 599 140 646 sos
159 577 230 670 jam
256 574 303 644 ad
332 589 455 644 terram
484 573 742 667 languentesque
771 597 880 642 ramos
911 568 1115 640 convaluisse

98 679 226 764 adventu
254 719 339 781 suo,
363 693 446 762 adeo
469 691 596 762 laetatus
620 707 689 778 est,
709 707 748 761 ut
771 716 825 760 eas
849 715 924 758 cum
949 687 1116 782 republica

98 811 386 908 Neapolitanorum
399 813 647 906 permutaverit,
662 811 793 882 AEnaria
808 809 894 880 data.
911 808 1116 878 Observabat

97 933 210 1004 etdies
235 931 416 1026 quosdam,
439 955 480 1000 ne
502 945 560 1000 aut
582 930 740 1023 postridie
762 927 926 998 nundinas
947 949 1114 1020 quoquam

98 1050 364 1145 proficisceretur,
379 1064 438 1118 aut
449 1050 555 1120 Nonis
567 1049 744 1142 quicquam
757 1049 806 1116 rei
822 1047 912 1116 seriae
928 1044 1115 1129 inchoaret3

98 1169 166 1240 nibil
182 1172 218 1240 in
233 1171 301 1240 hoc
317 1169 450 1262 quidem
466 1168 557 1238 aliud
570 1168 733 1254 devitans,
747 1166 840 1237 atad
855 1165 1023 1236 Tiberium
1037 1167 1115 1234 scri·

97 1289 149 1376 bit,
167 1313 271 1382 quam
288 1291 470 1378 Ibootpalov
487 1287 638 1356 nominis.

131 1411 256 1478 XCIII.
277 1409 530 1502 Peregrinarum
552 1406 805 1475 cerimoniarum
826 1405 911 1473 sicut
930 1417 1055 1472 veteres
1076 1427 1113 1472 ac

96 1539 263 1622 praeoptas
281 1527 539 1596 reverentissime
561 1523 684 1611 coluit,
704 1526 749 1592 ita
768 1538 891 1594 ceteras
910 1523 1113 1616 contemptui

94 1645 209 1714 babuit.
231 1647 386 1738 Namque
405 1644 542 1714 Athenis
561 1645 728 1731 initiatus,
748 1667 852 1736 quum
869 1657 981 1735 postea
1000 1645 1113 1710 Romae

95 1787 144 1856 pro
166 1761 331 1834 tribunali
355 1761 396 1830 de
419 1761 591 1856 privilegio
618 1761 824 1830 sacerdotum
847 1763 961 1830 Attica
986 1761 1114 1830 Cereris

96 1895 316 1976 cognosceret,
335 1895 368 1950 et
391 1880 540 1973 quaedam
564 1882 739 1949 secretiora
764 1893 1042 1974 proponerentur,
1064 1877 1114 1946 di·

94 2003 180 2070 misso
204 1999 346 2070 consilio
369 2015 402 2070 et
425 2025 547 2070 corona
573 2000 874 2087 circumstantium,
898 1997 986 2068 solus
1010 1997 1114 2066 audiit

95 2117 317 2212 disceptantes.
328 2121 371 2188 At
380 2131 510 2206 contra,
523 2143 589 2186 uon
603 2118 702 2188 modo
714 2121 748 2187 in
759 2117 963 2211 peragranda
972 2118 1113 2209 AEgypto

93 2238 180 2330 paulo
205 2236 381 2306 deflectere
405 2237 446 2306 ad
471 2237 642 2306 visendum
664 2238 753 2331 Apin
778 2235 977 2329 supersedit,
1003 2232 1112 2303 sedet

94 2357 200 2426 Caium
219 2369 392 2450 nepotem,
409 2355 497 2448 quod
514 2355 660 2424 Iudaeanr
678 2354 918 2449 praetervehens
933 2352 1022 2447 apud
1039 2354 1112 2422 Hie·

91 2475 282 2568 rosolymam
299 2497 368 2560 npn
384 2473 614 2568 supplicasset,
631 2473 838 2543 collaudavit.

128 2595 248 2666 mv.
270 2596 313 2663 Et
335 2593 492 2686 quoniam
515 2592 648 2662 adhaec
671 2609 805 2662 ventum
826 2607 892 2680 est,
917 2617 985 2660 nou
1011 2592 1052 2659 ab
1076 2616 1111 2658 re

91 2709 179 2780 luerit
192 2712 385 2798 subtexere,
399 2735 471 2803 quae
484 2711 515 2780 ei
531 2712 640 2804 prius,
655 2737 755 2804 quam
769 2724 972 2798 nasceretur,
990 2723 1023 2778 et
1040 2711 1111 2803 ipso

90 2828 180 2898 natali
199 2830 272 2918 die,
290 2853 330 2898 ec
347 2820 499 2922 deinceps
517 2831 700 2918 evenerint,
716 2830 835 2923 quibus
852 2829 964 2898 futura
980 2829 1109 2924 magni·

89 2949 159 3018 udo
179 2950 255 3044 ejus
281 2961 314 3016 et
339 2962 498 3042 perpetua
519 2946 656 3018 felicitas
680 2949 804 3043 sperari
825 2948 1108 3040 animadvertique

89 3084 197 3158 posset
226 3066 364 3136 Velitris
389 3067 571 3160 antiquitus
598 3081 686 3138 tacta
710 3069 750 3138 de
778 3066 861 3138 coelo
885 3083 979 3163 parte
1002 3069 1108 3154 muri,

87 3209 282 3280 responsum
311 3199 379 3272 est,
406 3186 476 3278 ejus
504 3185 617 3280 oppidi
643 3186 747 3256 civem
773 3186 971 3280 quandoque
996 3212 1106 3256 rerum
1218 3268 1224 3282 ,

85 3307 271 3396 potiturum
291 3332 300 3374 :
320 3329 387 3399 qua
409 3303 527 3374 fiducia
551 3303 730 3394 Veliterni,
754 3321 788 3374 et
814 3322 894 3375 tunc
920 3307 1049 3395 statim,
1075 3320 1107 3375 et

84 3439 191 3514 postea
213 3425 353 3526 cqups,
372 3448 465 3518 paene
486 3423 529 3493 ad
551 3425 689 3494 exitium
708 3427 777 3514 sui,
796 3449 872 3494 cum
893 3423 1016 3520 populo
1036 3429 1106 3494 Ro·

81 3568 174 3614 mano
200 3544 493 3639 belligeraverunt.
519 3545 599 3614 Sero
625 3544 756 3614 tandem
780 3545 983 3636 documentis
1006 3569 1105 3638 appa-

81 3667 161 3752 ruit,
192 3678 368 3736 ostentum
398 3661 479 3732 illud
510 3665 651 3758 degluti
682 3667 863 3760 potentiam
891 3663 1103 3758 portendisse.

74 3789 197 3860 Auctor
226 3798 279 3854 est
296 3781 402 3852 Julius
416 3784 605 3870 Marathus,
622 3800 697 3857 ante
715 3811 851 3879 paucos,
872 3809 969 3878 quam
991 3807 1104 3852 nasce-

70 3919 184 4001 retur,
210 3926 359 3990 menam,
379 3900 566 3996 prodigium
588 3907 701 3972 Rornae
723 3903 846 3974 factumi
869 3901 1015 3997 publice,
1036 3926 1105 3996 quo

77 4023 342 4098 denunciabatur
364 4043 475 4114 regem
497 4019 621 4113 populo
644 4024 796 4092 Romano
817 4036 968 4090 naturam
991 4037 1106 4114 partu·
