3114 5446
425 509 482 566 aod
826 507 855 561 C.
877 503 1052 564 sumtu

424 635 579 704 latentur.
603 633 697 724 Quin
717 646 751 700 et
771 630 964 725 spectaculis
992 629 1180 702 advenienti
1203 653 1389 726 assurgere,
1407 651 1432 702 et

424 753 571 824 lacernas
590 753 753 846 deponere
772 749 930 821 solebant.
949 751 1088 820 Senatus
1104 775 1255 844 quoque,
1273 767 1310 820 ut
1323 751 1364 820 ad
1376 779 1428 822 nu·

423 899 551 943 merum
567 871 726 942 sodalium
747 868 967 964 augustalium
982 883 1070 938 sorte
1088 867 1264 938 ductorum
1283 886 1372 940 extra
1387 897 1432 940 or·

423 994 533 1062 dinem
551 991 765 1084 adjiceretur,
778 989 917 1074 censuit;
936 1003 970 1057 et
984 1012 1081 1072 mox,
1095 1001 1133 1056 ut
1149 987 1265 1058 domus
1284 990 1329 1080 ei,
1345 1015 1430 1083 quarn

377 1149 380 1156 ·
424 1111 576 1182 incendio
586 1111 754 1195 amiserat,
772 1106 901 1202 publica
918 1108 1065 1200 impensa
1081 1108 1323 1196 restituemur,
1338 1108 1435 1178 dicen·

421 1231 537 1326 deque
563 1232 649 1300 inter
667 1226 852 1298 consulares
880 1227 1047 1296 sententiae
1068 1227 1123 1319 jus
1148 1241 1241 1298 esset
1264 1229 1364 1319 Quod
1381 1229 1432 1298 de-

421 1366 548 1420 cretum
570 1349 729 1420 abolitum
759 1361 824 1434 est,
840 1361 1014 1417 excusante
1038 1345 1171 1414 Tiberio
1191 1347 1434 1418 imbecillitatem

422 1472 509 1563 ejus,
525 1469 740 1539 ac‘damnum
754 1464 948 1536 liberalitate
965 1489 1024 1534 sua
1041 1479 1243 1534 resarturum
1257 1466 1434 1562 pollicente.

421 1591 490 1678 Qui
507 1603 617 1660 tamen
634 1589 777 1658 moriens
798 1601 830 1656 et
844 1585 878 1653 in
891 1586 995 1654 tertiis
1011 1583 1187 1654 heredibus
1207 1607 1284 1653 eum
1304 1611 1344 1655 ex
1355 1601 1438 1680 parte

422 1709 518 1777 tertia
534 1721 778 1801 nuncupatum,
804 1704 909 1799 legato
925 1705 1023 1772 etiarn
1040 1704 1126 1772 circa
1143 1705 1329 1774 sestertium
1348 1708 1437 1775 vicies

422 1841 631 1921 prosecutus,
653 1823 891 1894 commendavit
908 1823 1042 1915 insuper
1059 1822 1275 1911 exercitibus,
1292 1849 1331 1894 nc
1350 1849 1437 1894 sena·

422 1948 469 2014 tui
481 1944 670 2040 populoque
682 1967 819 2013 romano
831 1945 917 2012 inter
928 1957 1054 2012 ceteras
1069 1942 1325 2013 necessitudines
1345 1947 1440 2014 norni-

423 2066 536 2134 natim.

469 2185 544 2252 VII.
569 2182 638 2252 Sub
659 2185 740 2254 Gaio
757 2181 887 2251 demum
909 2180 1019 2254 fratris
1039 2179 1123 2270 filio,
1140 2182 1316 2252 secundam
1333 2185 1440 2253 existi·

424 2304 602 2372 mationem
631 2303 717 2372 circa
744 2303 836 2370 initia
859 2303 988 2395 imperii
1010 2301 1163 2371 omnibus
1184 2301 1358 2372 lenociniis
1377 2302 1441 2372 col·

422 2420 561 2516 ligcnte,
579 2421 720 2490 honores
737 2422 939 2514 auspicatus,
958 2419 1166 2489 consulatum
1186 2423 1284 2516 gessit
1301 2447 1368 2492 una
1390 2447 1443 2516 per

421 2539 503 2610 duos
520 2563 647 2609 menses
669 2566 677 2609 :
700 2541 886 2634 evenitque,
914 2554 951 2608 ut
969 2539 1121 2634 primitus
1147 2540 1349 2634 ingredienti
1369 2565 1441 2610 curn

420 2659 562 2746 fascibus
581 2661 719 2747 Forum,
734 2657 967 2754 praetervolans
983 2657 1093 2752 aquila
1106 2658 1290 2729 dexteriore
1304 2661 1443 2730 humero

419 2779 613 2848 consideret.
635 2779 777 2848 Sortitus
798 2793 846 2847 est
871 2777 964 2846 etde
984 2776 1087 2846 altero
1107 2778 1279 2848 consulatu
1292 2781 1327 2848 in
1348 2805 1446 2874 quar·

421 2913 491 2966 tum
515 2923 657 2984 annum3
684 2896 899 2994 praeseditque
922 2921 1160 2990 nonnunquam
1184 2898 1382 2990 spectaculis
1413 2901 1445 2973 in

419 3018 491 3085 Caii
515 3019 641 3105 vicens,
660 3016 860 3086 acclamante
889 3013 1030 3110 populo,
1059 3015 1246 3086 «Feliciter
1260 3047 1297 3105 ,n
1323 3023 1445 3113 partini

319 3175 323 3184 ·
419 3149 563 3228 «patruo
577 3136 781 3230 imperatoris
793 3165 828 3223 ,a
844 3136 963 3228 partim
981 3137 1202 3205 «Germanici
1219 3135 1357 3206 fratri.»

466 3257 557 3323 VIII.
585 3257 656 3324 Nec
672 3281 712 3324 eo
726 3257 833 3324 minus
849 3253 1055 3324 contumeliis
1074 3256 1236 3325 obnoxius
1246 3259 1341 3327 vixit.
1362 3261 1448 3328 Nam

419 3373 489 3442 etsi
507 3372 606 3468 paulo
616 3376 718 3443 serius
736 3374 777 3443 ad
788 3374 974 3468 praedictam
992 3375 1212 3444 coenaeboram
1226 3380 1452 3464 occurrisset,

420 3518 487 3561 non
508 3495 571 3562 nisi
590 3519 693 3588 tegre,
720 3507 753 3562 et
773 3495 912 3563 circuito
930 3492 1062 3562 demum
1080 3493 1241 3584 triclinio,
1263 3497 1453 3592 recipieba-

420 3625 508 3681 tur:
537 3629 587 3701 et,
614 3615 742 3706 quoties
770 3628 844 3707 post
871 3614 982 3682 cibum
1002 3613 1275 3702 addormisceret,
1300 3615 1398 3709 quod
1425 3616 1454 3684 ei

420 3730 484 3800 lere
509 3732 694 3817 accidebat,
717 3731 863 3802 olearum
890 3757 928 3802 ac
950 3731 1168 3826 palmularum
1188 3734 1320 3802 ossibus
1343 3736 1454 3803 inces-

419 3849 567 3918 sebatur:
581 3851 745 3920 interdurn
759 3851 861 3922 ferula
877 3852 1038 3946 ssagrove,
1055 3851 1146 3921 velut
1164 3877 1224 3947 per
1237 3851 1362 3922 ludum
1377 3905 1388 3939 ,
1405 3879 1458 3922 ex·

418 3969 582 4037 citabatur
598 3995 617 4038 a
633 3971 769 4064 copreis.
787 3969 944 4039 Solebant
958 3986 990 4040 et
1005 3972 1157 4040 manibus
1175 3975 1348 4040 stertentis
1367 3972 1458 4041 socci

420 4086 548 4174 induci,
562 4103 598 4157 ut
614 4103 748 4182 repente
766 4089 1009 4184 expergefactus
1027 4090 1142 4160 faciem
1154 4089 1214 4158 sibi
1233 4091 1458 4161 confricaret.
