3108 5434
425 509 464 566 90
824 495 854 548 c.
875 494 1047 550 sueronu

425 629 496 684 rent
521 641 528 681 :
553 639 659 708 neque
680 616 741 684 iter
761 615 855 703 iecit,
875 617 936 686 nisi
959 631 995 684 ut
1016 616 1167 686 vehiculo
1188 621 1367 703 anteirent,
1390 637 1441 690 aut

423 733 508 802 circa
530 732 765 826 adequitarent.

469 855 573 921 LXV.
600 853 665 924 Sed
688 851 797 924 laetum
819 877 912 941 eum,
932 869 1032 948 atque
1054 853 1208 926 fidentem
1228 871 1262 924 et
1282 856 1393 927 sobole
1414 875 1443 928 et

421 971 595 1065 disciplina
624 972 760 1058 domus,
790 972 922 1046 fortuna
953 975 1110 1046 destituit.
1138 974 1260 1058 salias,
1285 976 1385 1046 filiam
1412 993 1443 1048 et

419 1107 566 1186 neptem,
576 1093 729 1164 omnibus
742 1093 871 1186 probris
884 1096 1136 1182 contaminatas,
1149 1094 1315 1189 relegavit.
1327 1100 1441 1167 Gaium

418 1227 452 1280 et
473 1213 612 1284 Lucium
634 1214 668 1281 in
689 1211 915 1307 duodeviginti
936 1215 1097 1283 meusium
1120 1215 1226 1308 spatio
1247 1217 1356 1284 amisit
1377 1241 1442 1286 am·

417 1333 493 1420 bos,
511 1333 593 1402 Caio
611 1333 645 1402 in
662 1333 778 1425 Lycia,
796 1334 902 1402 Lucio
921 1331 1278 1420 Massiliae,·defunctis.
1298 1335 1442 1404 Tertium

417 1467 589 1547 nepotem,
613 1453 815 1547 Agrippam,
838 1451 1001 1546 simulque
1026 1453 1235 1547 privignum,
1258 1455 1442 1541 Tiberium,

415 1571 585 1666 adoptavit
616 1573 650 1640 in
678 1575 765 1640 Foro
791 1570 862 1666 lege
886 1572 1023 1642 curiata.
1047 1575 1095 1642 Ex
1119 1573 1240 1664 quibus
1265 1575 1442 1668 Agrippam

414 1693 506 1760 brevi
526 1692 569 1758 ob
590 1692 757 1785 ingenium
783 1689 951 1760 sordidum
972 1715 1010 1760 ac
1031 1690 1122 1760 ferox
1146 1690 1326 1778 abdicavit,
1349 1719 1443 1789 sepo·

414 1814 544 1904 suitque
556 1814 763 1881 Surrentum.
778 1809 960 1902 Aliquanto
971 1823 1080 1879 autem
1093 1811 1269 1903 patientius
1282 1827 1443 1897 mortem,

414 1957 512 2024 quam
537 1931 695 2000 dedecora
720 1955 856 1998 suorum
879 1929 965 2000 tulit.
989 1932 1073 2000 Nem
1095 1931 1167 2000 Caii
1189 1933 1347 2024 Luciique
1368 1958 1443 2002 casu

414 2075 479 2118 uon
498 2049 580 2118 adeo
597 2049 735 2137 fractus,
756 2049 797 2118 de
813 2050 881 2118 filia
902 2052 1017 2119 absens
1038 2074 1076 2119 ac
1096 2049 1205 2120 libello
1222 2077 1282 2144 per
1301 2067 1442 2145 quaesto·
1540 2093 1541 2098 κ

413 2195 480 2238 rem
493 2171 643 2253 recitato,
659 2181 776 2238 notum
793 2171 921 2238 senatui
932 2169 1022 2256 fecit;
1034 2171 1257 2262 abstinuitque
1266 2195 1443 2264 congressu

413 2289 584 2356 hominum
598 2288 655 2356 diu
669 2311 736 2382 pree
751 2289 894 2381 pudore,
909 2291 1007 2358 ctiam
1022 2289 1063 2356 de
1077 2289 1223 2358 necanda
1237 2289 1442 2359 deliberavit.

411 2411 510 2476 Certe
528 2433 630 2502 quum
652 2408 714 2476 sub
732 2408 818 2478 idem
838 2423 969 2502 tempus
992 2433 1058 2477 una
1082 2433 1122 2476 cx
1146 2411 1284 2478 consciis
1306 2408 1443 2495 liberta,

412 2527 534 2596 Phoebe
548 2528 695 2614 nomine,
710 2526 887 2620 suspendio
900 2528 1001 2596 vitam
1016 2526 1156 2615 finisset,
1171 2525 1353 2597 «Maluisse
1368 2555 1445 2616 se,n

410 2648 471 2735 ait,
491 2647 653 2716 «Pboebes
670 2663 797 2740 patrem
817 2646 954 2716 fuisse.»
972 2645 1136 2741 Relegatee
1154 2672 1249 2716 usum
1270 2650 1353 2736 vini,
1370 2675 1446 2718 orn·

411 2790 550 2859 nemque
563 2765 786 2836 delicatiorem
799 2765 927 2836 cultum
944 2765 1066 2835 ademit
1082 2792 1090 2834 :
1109 2791 1215 2859 neque
1231 2767 1315 2836 adiri
1328 2793 1345 2834 a
1362 2794 1447 2861 quo·

296 2962 299 2973 .
410 2887 498 2979 piam
512 2884 616 2954 libero
630 2911 780 2972 serrone,
795 2887 857 2957 nisi
871 2911 905 2954 se
918 2884 1086 2974 consulto,
1100 2885 1264 2978 permisit,
1280 2901 1313 2956 et
1330 2889 1396 2975 ita,
1410 2904 1448 2956 ut

409 3007 530 3074 certior
557 3005 669 3091 fieret,
695 3029 761 3098 qua
788 3007 815 3073 is
841 3021 954 3091 aetate,
980 3029 1045 3098 qua
1071 3021 1214 3094 stature,
1239 3032 1306 3099 quo
1331 3007 1450 3078 colore

409 3139 510 3212 esset,
527 3126 625 3192 etiam
642 3125 762 3217 quibus
779 3126 927 3220 corporis
943 3127 1045 3208 notis,
1063 3123 1113 3193 vel
1131 3127 1347 3196 cicatricibus.
1366 3131 1450 3196 Post

410 3245 673 3336 quinquennium
692 3243 826 3312 demum
843 3269 884 3313 ex
902 3241 1010 3314 insula
1029 3246 1063 3312 iu
1081 3246 1320 3332 coutinentem,
1339 3245 1451 3316 lenio-

410 3363 567 3456 ribusque
587 3363 687 3458 paulo
706 3363 971 3450 conditionibus,
991 3363 1160 3432 transtulit
1178 3389 1261 3434 eam.
1282 3368 1391 3454 Nem,
1411 3382 1453 3435 ut

409 3478 545 3550 omuino
569 3499 754 3572 revocaret,
779 3485 907 3553 exorari
932 3481 1025 3554 utillo
1048 3483 1148 3552 modo
1172 3485 1301 3577 potuit;
1325 3484 1452 3579 depre-

408 3603 495 3670 canti
530 3625 615 3696 saepe
644 3601 769 3696 populo
803 3627 960 3689 romano,
988 3618 1021 3672 et
1053 3605 1252 3696 pertinacius
1283 3605 1454 3690 instanti,

407 3749 424 3784 κ
434 3718 513 3792 tales
536 3719 619 3790 filias
642 3720 791 3815 talesque
809 3723 992 3816 conjuges»
1013 3747 1077 3815 pro
1098 3723 1257 3792 concione
1278 3723 1452 3816 impreca-

408 3856 470 3910 tus.
491 3846 540 3912 En
559 3856 655 3936 nepte
673 3840 759 3910 Julia
780 3856 854 3936 post
872 3841 1117 3910 damnationem
1136 3841 1262 3910 editum
1281 3841 1453 3914 infantem

408 3965 540 4056 agnosci
563 3962 672 4056 alique
694 3963 807 4030 vetuit.
830 3964 1010 4056 Agrippam
1035 3941 1138 4030 nibilo
1162 3959 1455 4050 tractabiliorem,

408 4084 507 4152 immo
536 4087 569 4151 in
596 4081 663 4150 dies
690 4083 922 4164 amentiorem,
953 4084 985 4149 in
1015 4080 1153 4150 insulam
1182 4086 1456 4173 transportavit,
