3108 5434
459 469 513 521 130
688 435 690 440 ’
863 469 893 524 c.
914 467 1089 525 suanumr

399 611 402 620 ¹
503 591 577 659 XX.
597 592 626 659 A
643 591 824 660 Germania
843 591 878 660 in
901 591 1018 660 urbem
1034 602 1109 684 post
1127 587 1295 655 biennium
1309 609 1475 679 regressus,

455 709 680 803 triumphum,
693 733 793 802 quem
806 707 993 796 distulerat,
1009 710 1090 802 θείη
1105 706 1379 802 prosequentibus
1390 707 1475 774 etiam

455 829 585 924 legatis,
610 827 730 922 quibus
758 825 972 923 triumphalia
996 841 1191 896 ornamenta
1214 828 1414 918 impetrarat.
1438 829 1476 894 ilc

455 950 648 1044 priusquam
670 947 705 1014 in
728 945 931 1040 Capitolium
954 945 1120 1034 flecteret,
1146 944 1350 1014 descendite
1370 969 1477 1032 curru,

456 1092 556 1160 seque
566 1065 753 1161 praesidenti
762 1067 849 1161 patri
859 1065 900 1134 ad
911 1091 1018 1160 genua
1029 1064 1204 1136 summisit.
1219 1067 1393 1152 Batonem,
1407 1067 1480 1134 Pan-

456 1188 599 1258 nonium
610 1186 745 1276 ducem,
755 1186 943 1280 ingentibus
958 1185 1117 1254 donatum
1130 1185 1287 1280 premiis,
1300 1187 1480 1252 Ravennam

457 1304 645 1395 transtulit3
672 1307 811 1401 gratiam
839 1304 1000 1393 referens,
1027 1305 1117 1398 quod
1142 1329 1177 1373 se
1202 1299 1390 1398 quondam,
1412 1328 1482 1372 cum

456 1427 603 1497 exercitu
623 1427 797 1518 iniquitate
815 1423 879 1494 loci
895 1423 1168 1510 circumclusum,
1185 1449 1299 1522 passus
1319 1438 1404 1494 esset
1419 1447 1483 1492 era·

457 1546 546 1616 dere.
562 1545 744 1616 Prandium
760 1544 880 1614 dehinc
897 1542 1023 1639 populo
1043 1543 1133 1613 mille
1151 1545 1289 1632 mensis,
1308 1558 1341 1613 et
1357 1547 1482 1639 congia·

457 1667 545 1735 rium
562 1681 710 1735 meoenos
728 1689 882 1734 nummos
905 1665 1030 1732 viritim
1051 1663 1152 1732 dedit.
1169 1661 1343 1734 Dedicavit
1358 1679 1393 1733 st
1407 1667 1485 1734 Con

457 1785 577 1855 cordiae
595 1785 716 1872 aedem,
735 1785 815 1854 item
833 1781 977 1854 Pollucis
997 1799 1030 1852 et
1050 1786 1209 1874 Castoris,
1232 1809 1294 1854 suo
1317 1784 1485 1879 fratrisque

459 1907 609 1992 nomine,
629 1903 670 1974 de
690 1904 865 1973 manubiis.

508 2015 602 2094 XXI.
621 2026 668 2093 Ac
685 2047 753 2092 non
773 2021 880 2092 multo
900 2037 991 2116 post,
1012 2022 1084 2118 lege
1102 2047 1162 2118 per
1180 2021 1331 2094 consules
1351 2022 1435 2108 lata,
1455 2037 1489 2091 ut

440 2123 646 2237 'provincias
663 2165 740 2212 cum
757 2144 909 2236 Augusto
927 2143 1145 2212 communiter
1167 2141 1431 2230 administraret,
1450 2144 1489 2209 si-

460 2260 744 2355 mulque-censum
758 2276 883 2356 ageret,
899 2261 1034 2332 condito
1045 2261 1169 2350 lustro,
1186 2263 1221 2330 in
1237 2261 1410 2356 Illyricum
1424 2287 1491 2356 pro

461 2381 568 2452 fectus
595 2397 653 2450 est
678 2385 722 2450 Et
740 2383 852 2450 statim
871 2407 912 2450 ex
932 2383 1048 2452 itinere
1066 2397 1255 2469 revocatus,
1271 2383 1341 2476 jam
1362 2381 1492 2475 quidem

462 2501 634 2588 affectum,
644 2501 701 2570 sed
711 2515 821 2570 umen
835 2503 1014 2598 spirantem
1030 2502 1140 2572 adhuc
1154 2504 1343 2596 Augustum
1359 2503 1494 2596 reperit,

463 2619 591 2714 fuitque
602 2644 670 2688 nna
682 2636 808 2690 secreto
824 2646 884 2715 per
896 2635 1005 2690 totum
1023 2620 1120 2689 diem.
1140 2621 1232 2704 Scio,
1249 2618 1351 2716 vulgo
1368 2645 1499 2716 persua·

462 2765 551 2829 sum,
571 2741 686 2833 quasi,
706 2766 838 2836 egresso
862 2756 937 2835 post
958 2755 1120 2810 secretum
1140 2765 1325 2811 sermonem
1346 2741 1498 2826 Tiberio,

463 2885 529 2928 vox
539 2860 682 2953 Augusti
693 2885 751 2954 per
760 2859 980 2930 cubicularios
997 2875 1133 2954 excepta
1152 2863 1219 2932 sit:
1236 2863 1431 2930 «Miserum
1450 2885 1503 2954 po-

462 2977 582 3072 pulum
597 3004 789 3066 romanum,
809 2983 867 3073 qui
884 2980 945 3049 sub
962 2995 1029 3050 tam
1047 2979 1144 3050 lentis
1161 2979 1301 3050 maxillis
1316 2983 1424 3052 erit.»
1437 2983 1504 3052 Nec

463 3094 548 3166 illud
568 3097 702 3190 quidem
720 3099 857 3192 ignoro,
876 3098 1003 3192 aliquos
1024 3099 1217 3184 tradidisse,
1236 3103 1431 3194 Augustum
1450 3125 1505 3194 pa-

463 3213 531 3284 lam
558 3239 618 3286 nec
642 3214 888 3287 dissimulanter
906 3243 1038 3288 morum
1058 3224 1128 3312 ejus
1147 3219 1312 3288 diritatem
1335 3221 1427 3290 adeo
1448 3221 1508 3288 im·

463 3333 640 3428 probasse,
655 3351 694 3404 ut
706 3361 945 3431 nonnunquam
962 3339 1164 3407 remissiores
1179 3337 1427 3434 hilarioresque
1443 3365 1508 3408 ser·

464 3477 598 3559 mones,
628 3457 880 3550 superveniente
904 3482 961 3544 eo,
985 3457 1198 3552 abrumperet
1221 3481 1230 3526 a
1252 3459 1309 3528 sed
1329 3483 1511 3554 expugna·

464 3585 536 3642 tum
549 3575 701 3666 precibus
714 3577 827 3645 uxoris
842 3575 1056 3670 adoptionem
1072 3603 1140 3646 non
1154 3579 1322 3664 abnuisse;
1333 3577 1394 3648 vel
1410 3581 1512 3650 etiam

464 3693 644 3761 ambitione
658 3708 820 3781 tractum,
837 3708 875 3763 ut
889 3694 946 3764 tali
963 3721 1151 3765 successore
1168 3696 1431 3766 desiderabilior
1447 3701 1515 3792 ipse

464 3809 663 3902 quandoque
689 3811 793 3880 fieret.
819 3813 948 3884 Adduci
975 3829 1085 3882 tamen
1109 3837 1256 3908 nequeo,
1281 3817 1368 3908 quin
1399 3821 1518 3887 existi·

466 3951 570 4015 mem,
598 3930 964 4024 circumspectissimum
993 3949 1028 4002 et
1053 3933 1348 4028 prudentissimum
1385 3936 1521 4030 princi-

467 4071 561 4139 pem,
582 4051 615 4116 in
637 4062 731 4118 tanto
748 4054 930 4143 presertim
949 4056 1103 4148 negotio,
1122 4053 1206 4123 nihil
1225 4069 1354 4124 temere
1377 4029 1523 4141 fecisse,
