3168 5440
456 479 511 518 rau
771 461 882 520 ,AULI
904 461 1024 516 PERSll
1044 461 1144 518 VITA.

453 591 545 658 Usus
564 600 614 656 est
633 585 725 680 apud
744 587 934 656 Cornutum
954 583 1098 654 duorum
1119 585 1274 655 convictu
1290 583 1487 654 doctissimo

455 731 529 776 rum
554 721 587 776 et
612 708 897 778 sanctissimorum
922 705 1089 793 virorum,
1112 707 1232 774 acriter
1259 719 1329 774 turn
1349 703 1488 800 philoso-
1567 775 1568 784 ,

454 827 648 922 pbantium,
666 823 800 895 Claudii
821 826 1053 920 Agathemeri,
1071 825 1191 894 medici
1209 823 1451 908 lacedaemonii‚
1464 840 1491 893 et
1517 873 1523 887 .

454 948 603 1017 Petronii
624 947 853 1034 Aristocratis,
872 946 1056 1040 Magnetis,
1074 970 1158 1039 quos
1176 947 1275 1014 unice
1293 947 1434 1016 miratus
1449 961 1492 1016 est

453 1080 488 1134 et
502 1065 693 1153 tumulatus,
709 1090 813 1159 quum
828 1063 971 1159 equales
988 1080 1112 1154 essent,
1126 1079 1159 1132 et
1174 1068 1326 1136 Cornuto
1342 1067 1490 1135 minores.

452 1191 529 1283 Ipse
558 1189 659 1282 etiarn
690 1187 806 1258 decem
834 1187 902 1256 lere
931 1189 1027 1256 annis
1055 1211 1185 1274 summe
1206 1185 1345 1257 dilectus
1365 1213 1386 1256 a
1409 1191 1491 1257 Puto
1568 1157 1569 1174 l

452 1308 599 1378 Thrasea
619 1322 683 1393 est,
706 1310 751 1376 ita
775 1322 812 1376 ut
838 1284 1108 1402 peregrinaretur
1127 1331 1263 1400 quoque
1283 1331 1362 1376 cunr
1379 1332 1421 1376 eo
1439 1305 1492 1375 ali·

452 1428 607 1521 quando,
626 1443 802 1522 cognatam
823 1430 894 1522 ejus
917 1427 1048 1497 Arrium
1076 1451 1215 1496 uxorem
1243 1426 1398 1496 habente.
1423 1430 1492 1496 Fuit

453 1539 583 1620 morum
599 1534 862 1634 l'ebissirnorurn,
877 1545 1084 1616 verecundiae
1097 1545 1287 1640 virginalis,
1301 1545 1419 1616 formae
1431 1547 1493 1642 pul·

452 1669 556 1753 chrm,
571 1669 703 1762 pietatis
719 1689 799 1762 erga
817 1683 956 1736 matrem
972 1682 1006 1735 et
1021 1691 1173 1738 sororem
1187 1682 1221 1736 et
1239 1668 1376 1736 amitam
1395 1693 1492 1737 exem·

453 1787 509 1882 plo
528 1787 733 1858 sufficientis.
751 1789 831 1856 Fuit
844 1787 931 1882 frugi
947 1802 980 1856 et
995 1786 1147 1882 pudicus.
1165 1785 1316 1880 Reliquit
1329 1789 1421 1858 circa
1430 1792 1491 1858 Hs.

454 1911 554 1978 vicies
571 1909 670 1978 matri
690 1923 722 1978 et
739 1909 845 1978 sorori
869 1933 877 1975 ε
897 1909 1027 2000 scriptis
1046 1921 1156 1976 tamen
1171 1907 1221 1976 ud
1239 1921 1381 1977 matrem
1406 1908 1492 1977 ondi-

452 2029 553 2114 cillis,
575 2030 706 2123 rogavit
726 2053 815 2112 eam,
834 2043 873 2097 ut
888 2027 983 2098 daret
1001 2032 1156 2098 Cornuto
1175 2029 1341 2116 sestertia,
1360 2044 1398 2098 ut
1410 2076 1414 2088 ,
1426 2031 1493 2122 qui·

452 2151 529 2218 dam
548 2149 684 2234 dicunt,
700 2163 854 2234 centum;
868 2162 907 2216 ut
921 2147 975 2216 alii
993 2146 1127 2232 volunt,
1144 2133 1370 2242 argenti'l'acti
1385 2147 1492 2242 pondo

453 2271 592 2363 viginti,
612 2283 646 2337 et
674 2267 777 2338 libros
795 2270 882 2337 circa
902 2270 1145 2362 septingentos,
1164 2269 1234 2336 sive
1259 2267 1492 2338 bibliothecam

451 2413 546 2460 suam
565 2414 710 2460 omnem.
731 2386 872 2485 [Verum
895 2391 1085 2474 Cornutus,
1107 2388 1246 2457 sublatis
1271 2387 1384 2476 libris,
1405 2414 1495 2484 pecu-

451 2513 542 2580 niam
563 2511 749 2596 sororibus‚
770 2535 871 2603 quarn
891 2509 994 2580 irater
1012 2508 1150 2580 heredes
1175 2508 1316 2594 fecerat,
1340 2507 1493 2605 reliquit]

452 2634 605 2718 Erraro,
629 2646 662 2700 et
684 2629 779 2699 tarde
797 2631 939 2723 scripsit.
962 2633 1061 2698 Hunc
1082 2631 1193 2723 ipsum
1211 2628 1334 2698 librum
1350 2629 1496 2724 imperfe-

452 2765 542 2821 ctum
567 2751 712 2845 reliquit.
730 2755 858 2820 Versus
879 2749 982 2844 aliqui
999 2750 1102 2820 demti
1119 2729 1198 2819 sunt
1214 2751 1335 2820 ultimo
1350 2750 1426 2820 libri
1442 2777 1450 2819 :
1464 2765 1494 2817 et

453 2874 547 2966 quasi
560 2873 674 2942 linitus
685 2887 785 2958 esset,
801 2870 919 2939 leviter
936 2874 1131 2941 retractavit
1142 2873 1333 2956 Cornutus,
1347 2887 1382 2942 et
1396 2873 1495 2943 caesio

454 2997 553 3064 basso
581 2993 725 3087 petenti,
754 3005 792 3060 ut
817 2992 888 3084 ipse
912 2990 1039 3077 ederet,
1061 2990 1200 3060 tradidit
1214 2990 1396 3061 edendum.
1412 2993 1497 3062 Scri·

453 3126 574 3204 pserat.
591 3113 691 3180 etiarn
713 3113 747 3179 in
775 3111 918 3205 pueritia
936 3109 1074 3180 Flaccus
1095 3117 1312 3182 Proetexlum
1333 3109 1496 3209 [Vescio]‚

451 3229 726 3320 ot‘Oluropuiia
742 3229 865 3300 librum
887 3255 1012 3316 unum,
1033 3246 1067 3299 et
1088 3256 1210 3326 paucos
1234 3235 1331 3302 uxori
1347 3234 1498 3302 Thrasea
1520 3243 1526 3256 ⁸

453 3355 486 3422 in
506 3353 637 3423 Arriam
653 3367 793 3422 matrem
812 3376 942 3438 versus,
959 3377 1032 3445 qun
1048 3377 1083 3420 se
1102 3367 1180 3420 ante
1196 3353 1308 3421 virum
1322 3353 1500 3423 occiderat

451 3473 575 3543 Omnia
603 3487 714 3541 autem
744 3496 783 3540 ea
808 3476 979 3542 Gornutus
1002 3487 1118 3542 auctor
1146 3471 1211 3542 fuit
1234 3475 1333 3542 matri
1353 3475 1445 3567 ejus,
1466 3486 1502 3538 ut

452 3591 612 3662 aboleret.
639 3591 776 3661 Editum
809 3591 932 3661 librum
961 3595 1123 3663 continuo
1141 3595 1257 3663 mirari
1280 3594 1449 3679 homines,
1472 3607 1503 3660 et

453 3713 598 3807 diripere
616 3727 801 3806 coeperunu
819 3713 973 3782 Decessit
989 3729 1108 3783 autem
1118 3715 1200 3782 vitio
1219 3715 1502 3798 stomachi‚anno

453 3835 558 3902 aetatis
578 3833 757 3902 tricesimo.
777 3831 842 3902 Sed
861 3857 955 3918 mox,
974 3849 1012 3902 ut
1039 3859 1057 3902 a
1079 3832 1196 3902 schola
1212 3847 1246 3903 et
1265 3835 1436 3930 magistris
1457 3832 1507 3898 di·

455 3968 613 4042 verterat,
632 3952 719 4023 lecto
736 3953 822 4022 libro
839 3951 959 4023 Lucilii
982 3953 1128 4040 decimo,
1147 3954 1360 4024 vehementer
1381 3955 1509 4021 satiras

454 4097 653 4167 componere
670 4074 822 4144 studuit:
841 4075 936 4168 cujus
957 4073 1030 4142 libri
1050 4075 1254 4168 principium
1272 4076 1422 4143 imitatus
1437 4088 1508 4156 est,
