3168 5440
491 545 531 598 nr
552 547 583 599 e.
605 547 632 600 J.
654 547 849 602 casanmr
1143 559 1195 619 147
1268 569 1272 576 ·

186 657 244 712 Pro
259 657 366 713 Sarda.
381 659 476 732 Hujus
489 661 629 719 orationis
642 663 816 720 mentionem
828 661 955 718 habcsin
968 663 1041 734 Cic,
1051 681 1093 736 ιι,
1111 674 1160 738 it,
1169 678 1198 723 et

146 748 239 804 Dicin.
262 750 305 804 ud
320 749 435 820 Uarii,
454 771 497 826 ¹9·
1223 823 1225 830 Ι

64 889 68 895 ,
185 842 224 895 In
236 843 452 903 Divinatioaem.
471 847 566 918 Quam
573 847 603 902 in
612 847 790 904 Dolabellam
801 846 942 902 instruxit
953 849 1053 903 Caesar.
1069 848 1150 918 Quid
1163 849 1199 905 sit

143 931 295 1004 dienato,
315 941 419 995 Ascon.
440 939 480 996 sic
497 939 641 996 edocet2«
653 941 795 996 Diaciratio
804 939 911 996 dicitur
927 939 1037 1011 oratio,
1052 940 1120 1015 quia
1137 959 1198 998 non

108 1065 111 1070 -
143 1027 181 1083 de
197 1029 273 1085 lacto
292 1031 432 1105 quaeritur
448 1043 476 1088 et
490 1032 674 1104 conjectura,
690 1033 742 1088 sed
755 1032 791 1106 de
806 1032 923 1104 futuro,
941 1052 1005 1107 quae
1021 1044 1063 1089 est
1081 1033 1196 1091 divina-

144 1119 201 1191 tio,
219 1132 284 1177 uter
301 1123 406 1180 debeat
422 1143 569 1195 accusare,
586 1125 688 1181 Cicero
702 1142 739 1182 an
759 1125 893 1181 Caecilius.
912 1149 924 1174 n
992 1149 994 1154 ·

186 1215 338 1272 Actuariis.
358 1217 393 1272 li.
415 1235 439 1272 e.
460 1217 593 1285 notariis,
607 1217 659 1291 qui
674 1217 791 1291 publice
810 1217 887 1274 dicta
904 1219 981 1275 notis
1000 1219 1197 1294 excipiebant,

142 1317 172 1361 et
188 1308 362 1381 compendio
372 1309 566 1383 quorumdam
578 1309 739 1387 signorum,
754 1314 910 1370 verborum
921 1311 979 1368 vim
991 1330 1105 1370 omnem
1115 1332 1197 1371 com-

141 1399 361 1472 prehendebant
381 1423 387 1456 :
405 1402 442 1459 de
461 1403 567 1478 quibus
588 1404 723 1478 Moriar,
734 1423 799 1475 xiv,
815 1404 893 1460 208:

250 1556 356 1608 Crmnt
367 1557 441 1607 verba
455 1558 524 1620 lieet,
536 1573 620 1608 manus
632 1566 668 1608 est
682 1558 787 1608 velocior
801 1557 858 1618 illis,

288 1641 402 1692 Nondum
412 1641 494 1710 lingua
502 1658 587 1704 suum,
598 1641 683 1692 dextra
692 1641 786 1710 peregit
797 1657 865 1708 opus.

186 1786 306 1857 Quum...
325 1789 471 1843 semtosit.
490 1789 525 1844 Η.
541 1807 565 1842 e.
584 1806 675 1862 φιιιιιι
694 1787 787 1842 Caesar
799 1786 922 1862 ipsesuo
935 1787 1115 1860 nominepro
1128 1789 1196 1844 Me-
1225 1772 1235 1778 ⁸

139 1877 209 1934 tello
229 1879 389 1953 loquatur:
406 1879 446 1935 sic
459 1879 651 1953 Oudendorp.

186 1971 413 2028 obtrectatorum.
432 1975 468 2029 Η.
488 1991 512 2028 e.
534 1972 781 2044 adversariorum,
796 1990 856 2046 quo
871 1989 955 2026 sensu
972 1971 1030 2026 Cic.
1045 1990 1104 2046 pro
1122 1973 1196 2028 Ma·

138 2065 205 2131 acl„
219 2083 298 2120 vm:
319 2067 457 2121 «Anullo
475 2066 615 2135 istem,
636 2065 687 2140 qui
704 2065 771 2122 huia
792 2065 955 2121 obtrectant
973 2063 1037 2138 legi.
1062 2087 1074 2113 ι

181 2157 307 2214 Pn'ore...
323 2159 551 2234 posteriore-
569 2159 667 2214 Priore
685 2157 723 2214 ad
736 2156 861 2213 Ilerdam
881 2165 982 2211 cauma
1001 2157 1145 2211 Petreium
1167 2167 1196 2212 et

140 2249 307 2323 Afranium3
316 2253 474 2324 posteriore
486 2250 524 2308 ad
543 2250 692 2307 Mundam.

182 2343 298 2398 Ascariis
319 2344 421 2399 Pollio.
440 2343 515 2399 Vide
528 2361 629 2416 supra,
650 2359 749 2398 xxxvi.

180 2436 249 2492 Car.
264 2435 338 2490 LVI.
361 2435 469 2491 Gallici
481 2436 553 2490 belli
567 2435 756 2490 aovucimum.
772 2432 814 2489 Ci.
829 2433 990 2488 Βουνιιι.
1027 2431 1144 2487 Dicsem
1158 2432 1196 2486 de

140 2540 259 2584 auctore
267 2529 334 2583 libri
344 2546 400 2583 rm
415 2529 452 2583 de
465 2530 539 2584 Bell.
558 2529 635 2582 Gall.

180 2620 278 2676 Bruto.
293 2620 337 2677 Sc.
356 2619 489 2710 incapite
508 2639 592 2676 cxxv.

180 2713 346 2768 limoniam.
365 2712 455 2784 Hirt,
472 2713 509 2766 dc
526 2715 601 2767 Bell.
622 2712 717 2776 Gall,
739 2727 797 2765 rur
817 2710 935 2766 :estant
952 2707 1038 2776 editi,
1054 2726 1091 2762 ne
1100 2706 1194 2763 scien-
1251 2771 1253 2776 ¹

137 2805 179 2861 tia
196 2815 448 2861 tantarumrerum
465 2804 655 2879 scriptoribus
676 2803 823 2860 deesset.»

181 2899 297 2953 Hr'rtias.
311 2897 377 2954 scil.
397 2897 428 2952 in
448 2897 527 2972 prael.
549 2897 616 2952 libri
634 2913 690 2951 rna
704 2897 742 2950 de
756 2897 830 2950 Bell.
855 2895 933 2950 Gall.

179 2993 225 3046 De
242 2989 389 3064 anabgr'a.
405 2991 493 3058 Gell,
516 3008 541 3060 1,
565 3007 599 3044 10
619 3009 626 3042 ε
643 2991 760 3062 «Atque
769 2987 814 3057 id,
829 2986 940 3062 quoda
957 2985 1079 3054 Caesare,
1090 2984 1194 3039 'excel-

137 3083 222 3139 lentis
237 3081 345 3159 ingenii
358 3101 391 3137 ac
404 3081 567 3156 prudentiae
575 3082 654 3152 viro,
672 3081 702 3136 in
718 3081 813 3154 primo
831 3079 867 3136 de
881 3076 1022 3153 Analogia
1037 3076 1113 3131 libro
1122 3075 1195 3132 seri-

136 3186 221 3249 ptum
246 3185 295 3232 est.
318 3197 330 3224 i
350 3176 408 3230 Eos
428 3173 636 3248 conscripserat
656 3175 694 3230 ad
720 3173 902 3244 Ciceronem,
922 3190 957 3230 ex
984 3169 1087 3246 eodem
1105 3170 1194 3239 Gell,

136 3268 234 3340 xix,8
252 3288 283 3322 ια
300 3268 434 3323 C.Caesar
452 3266 499 3324 ille
501 3308 547 3322 .....
564 3267 609 3322 vir
628 3265 735 3342 ingenii
748 3263 951 3339 precellentis,
965 3261 1103 3320 sennonis
1116 3279 1193 3335 prae-

137 3373 184 3416 ter
198 3360 270 3416 alios
286 3379 341 3416 suae
363 3359 452 3415 atatis
471 3345 630 3429 caitissimi,
650 3359 680 3413 in
696 3359 883 3432 libris,.quos
905 3356 944 3412 ad
961 3357 1002 3410 Μ.
1025 3354 1194 3412 Ciceronem

136 3454 177 3510 de
194 3452 334 3529 Analogia
349 3451 524 3526 conseripsit.
542 3475 557 3502 a

179 3547 372 3602 Anticatones.
386 3544 432 3601 Sic
451 3544 544 3600 dictos
554 3543 622 3618 quia
635 3543 666 3598 in
676 3543 730 3598 illis
739 3541 890 3616 respondit
909 3538 1056 3596 Ciceronis
1075 3539 1192 3605 Catoni,

135 3639 198 3695 sive
211 3637 287 3693 libro
302 3657 362 3711 quo
378 3635 478 3693 landes
496 3637 613 3693 Catonis
630 3635 827 3710 descripserat.
844 3637 889 3691 De
903 3632 959 3689 illis
979 3631 1088 3688 mentio
1104 3641 1147 3687 est
1163 3631 1194 3686 in

135 3732 288 3802 Juvenal,
309 3731 368 3786 Sat.
382 3749 428 3795 vt,
449 3729 514 3788 338.

184 3825 295 3897 Quarto
306 3835 335 3878 et
348 3824 491 3879 vicesimo.
510 3823 670 3880 Casaubon.
683 3841 700 3878 e
717 3824 840 3898 septimo
854 3833 881 3877 et
894 3819 1030 3875 vicesimo
1043 3819 1092 3874 dic
1106 3817 1193 3894 legit,

134 3935 175 3972 ex
188 3916 298 3988 Strab,
318 3935 371 3987 ιιι,
391 3923 428 3983 lp:
449 3925 514 3978 Φασὶ
527 3921 552 3976 ‹l’
565 3925 586 3977 ai
608 3925 762 3996 συγγραφεῖς,
781 3925 854 3976 ilicis
866 3921 909 3974 sai
929 3921 1047 3989 liciaapa
1067 3921 1093 3970 ix
1105 3908 1192 3989 ῥώμης

135 4017 258 4070 {misai
275 4017 362 4070 aiaconi
376 4020 489 4089 ἡμέραις,
508 4039 532 4070 κ.
549 4039 572 4070 τ.
587 4025 608 4069 λ.
629 4008 718 4079 Quod
736 4009 842 4064 refutat
858 4009 1019 4080 Baumgarl.

179 4101 230 4157 Aa
244 4103 382 4177 paginas.
402 4103 438 4158 Η.
457 4121 481 4157 e.
506 4100 704 4175 complicatas,
726 4101 765 4156 ita
781 4111 814 4156 ut
831 4100 931 4172 plures
947 4093 1050 4149 fierent
1064 4093 1190 4170 pagine,

134 4195 239 4270 quales
257 4205 324 4251 sunt
339 4194 481 4251 librorum
500 4205 673 4251 nostrorum.

963 4312 1016 4361 10.
