3098 5446
675 570 707 625 (ἶ.
724 571 903 627 δἮΕῘῸΝΠ
926 569 1184 626 t’ltsrnstatttts.

410 691 500 762 lenm
519 693 701 788 derepente
720 699 899 790 patuisset,
924 711 958 764 et
974 691 1069 764 stella
1087 695 1210 763 crinita
1236 695 1271 762 in
1290 693 1373 764 coelo
1389 718 1437 789 ap
1458 698 1461 706 '

407 816 571 908 paruisset
586 840 595 884 ε
610 813 751 885 alterum
766 816 810 886 ad
825 819 959 886 Juniam
975 814 1149 886 Calvimm
1162 839 1181 884 e
1195 829 1295 910 gente
1308 817 1437 910 Augusti

407 939 590 1028 poesim
606 936 753 1020 diceban
771 936 913 1008 alterum
938 935 982 1006 ad
1006 937 1204 1005 Parthorum
1229 959 1363 1030 regem,
1389 937 1438 1028 qui

406 1057 582 1151 capillatus
596 1075 693 1129 esset.
707 1061 819 1130 Prima
833 1083 968 1153 quoque
984 1057 1092 1128 morbi
1107 1059 1304 1146 suessione,
1319 1087 1337 1122 α
1347 1061 1440 1144 Van
1544 1092 1545 1110 t

407 1181 532 1270 inquit,
555 1209 573 1244 ι
586 1196 690 1274 puto,
710 1181 794 1250 deus
812 1180 868 1249 fio.
886 1209 904 1244 a

458 1302 584 1368 xxiv.
599 1300 786 1371 Consulatu
800 1327 862 1371 suo
880 1325 971 1370 nono
984 1317 1129 1370 tentatus
1141 1303 1175 1368 in
1185 1301 1369 1394 Campania
1382 1325 1442 1368 mo

409 1418 569 1489 tinneulis
583 1419 726 1506 levibus,
738 1423 961 1516 protinusque
975 1423 1067 1492 Urbe
1080 1421 1238 1517 repetita,
1254 1419 1396 1490 Cutilias
1410 1443 1441 1488 ac
1545 1500 1546 1508 ἵ

408 1542 537 1610 reatina
564 1567 666 1628 rura,
697 1544 754 1611 ubi
787 1546 938 1613 aestivare
961 1546 1141 1638 quotannis
1167 1543 1313 1626 solebat,
1342 1545 1439 1638 petiit.
1545 1609 1546 1640 p

408 1663 488 1747 llic,
507 1686 612 1756 quum
629 1689 730 1758 super
742 1681 917 1761 urgentem
935 1664 1159 1734 valetudinem
1176 1665 1379 1734 creberrimo
1393 1663 1441 1732 fri-

406 1781 602 1878 gidseaquae
620 1809 682 1853 usu
705 1790 805 1854 etiam
830 1785 988 1854 intestina
1004 1786 1165 1874 vitiasset,
1184 1809 1246 1854 nec
1269 1809 1309 1854 oo
1338 1786 1440 1852 minus

407 1905 604 1974 muneribus
618 1907 842 2000 imperatoriis
866 1931 906 1976 ex
929 1901 1170 1976 eonsuetudioe
1186 1907 1391 2001 fungeretur,
1409 1919 1438 1972 ut

406 2027 508 2094 etiam
526 2025 707 2122 legationes
731 2027 862 2096 audiret
882 2027 1024 2114 cubans,
1043 2025 1119 2096 alvo
1132 2041 1269 2121 repente
1284 2051 1389 2120 usque
1404 2023 1439 2093 ad
1546 2011 1547 2060 l

409 2145 628 2216 delectionem
657 2147 788 2234 soluta,
821 2151 1141 2242 «Imperatorem»
1169 2149 1236 2233 ait,
1268 2177 1286 2210 a
1305 2161 1437 2215 stantem

407 2269 493 2334 mori
515 2283 680 2363 oportere.
694 2299 712 2334 a
738 2272 897 2364 Dumque
921 2269 1109 2363 consurgit,
1135 2292 1173 2336 ac
1202 2267 1333 2355 nititur,
1362 2269 1438 2335 into·

407 2413 528 2456 manus
549 2387 795 2460 subleuantium
816 2393 998 2461 exstinctus
1024 2407 1090 2480 est,
1114 2415 1152 2461 tx
1174 2389 1331 2460 kalendas
1353 2387 1438 2484 julii,

407 2533 534 2577 annum
550 2535 668 2605 gerens
682 2515 787 2581 atatis
806 2515 1048 2609 sexagesimum
1067 2537 1106 2583 ac
1118 2537 1263 2601 nonum,
1284 2535 1439 2605 superque

407 2654 553 2700 mensem
568 2657 608 2701 ac
622 2630 709 2701 diem
727 2635 916 2727 septimum.

454 2753 566 2822 XXV.
582 2753 751 2823 Convenit
767 2757 855 2824 inter
869 2780 1002 2844 omnes,
1015 2771 1083 2825 tam
1098 2769 1226 2825 certum
1240 2780 1317 2824 eum
1334 2755 1440 2824 desua

406 2897 612 2967 suorumque
632 2876 786 2968 genitura
805 2901 936 2972 semper
957 2877 1079 2964 fuisse,
1098 2891 1136 2945 ut
1151 2891 1226 2971 post
1242 2876 1390 2945 assiduas
1409 2877 1440 2943 in

405 3017 440 3061 se
460 2995 707 3086 eonjurationes
724 3019 825 3066 ausus
841 2999 885 3066 sit
901 2996 1068 3066 affirmare
1083 2999 1227 3083 senatui,
1250 3025 1267 3060 a
1281 3012 1341 3066 aut
1362 2995 1445 3066 filios

407 3112 469 3180 sibi
495 3138 720 3203 successuros,
745 3133 804 3186 aut
829 3119 1005 3186 neminem.
1025 3149 1042 3184 s
1061 3119 1195 3189 Dicitur
1207 3121 1307 3187 etiam
1328 3118 1447 3187 vidisse

409 3231 580 3326 quondam
600 3259 661 3328 per
673 3237 818 3330 quietem
833 3253 987 3308 stateram
1007 3239 1041 3308 in
1061 3239 1170 3308 media
1186 3255 1281 3334 parte
1293 3238 1446 3309 vestibuli

409 3350 562 3447 palatinae
579 3353 698 3424 domus
715 3360 858 3452 positum
870 3361 1022 3428 examine
1036 3385 1151 3454 aequo;
1168 3384 1272 3454 quum
1293 3361 1328 3429 in
1345 3358 1449 3428 altera

410 3471 507 3543 lance
526 3473 690 3546 Claudius
707 3493 740 3546 et
757 3481 850 3550 Nero
880 3495 1025 3567 starent,
1049 3483 1083 3550 io
1102 3479 1203 3550 altera
1231 3483 1301 3575 ipse
1318 3506 1357 3550 ac
1376 3477 1449 3547 filii.

409 3595 479 3663 Nee
502 3620 555 3663 res
581 3593 695 3665 fefellit
716 3624 725 3666 :
747 3599 884 3693 quando
903 3600 1044 3671 totidem
1069 3602 1177 3690 annis,
1204 3601 1343 3696 parique
1364 3617 1450 3670 tem·

406 3716 495 3806 poris
513 3717 620 3809 spatio
638 3719 770 3812 utrique
790 3722 1047 3815 imperaverunt.

765 4025 1083 4050 *a
