3168 5440
405 453 440 510 86
812 451 843 506 C.
865 449 1043 508 summ

452 578 547 646 VIll.
568 577 617 644 M.
632 572 817 669 Pompilius
836 573 1064 662 Andronicus,
1081 574 1215 645 natione
1234 578 1356 671 Syrus,
1374 592 1443 648 stu·

404 698 460 768 dio
481 697 644 792 epicuree
663 709 758 766 seete
782 693 978 765 desidiosior
1000 697 1036 764 in
1055 694 1260 790 professione
1279 721 1443 792 gramma·

404 820 478 888 tica
493 817 688 906 habebatur,
702 815 880 909 minusque
898 815 1038 886 idoneus
1050 813 1093 884 ad
1111 816 1270 886 tuendam
1287 816 1446 888 scholam.

404 941 538 1032 ltaque,
553 962 659 1034 quum
675 962 711 1006 se
727 939 762 1005 in
776 936 870 1007 Urbe
886 961 955 1006 non
972 934 1081 1008 solum
1095 939 1242 1008 Antonio
1257 938 1446 1033 Gniphoni,

405 1058 463 1129 sed
483 1059 601 1130 ceteris
620 1059 721 1128 etiam
747 1057 967 1128 deterioribus
985 1057 1141 1154 postponi
1159 1058 1305 1146 videret,
1322 1062 1446 1140 Cumas
1537 1105 1539 1117 ι

405 1179 556 1268 transiit,
581 1179 694 1273 ibique
714 1179 749 1247 in
770 1179 840 1248 otio
859 1179 959 1267 vixit,
982 1192 1015 1248 et
1032 1177 1139 1248 multa
1156 1181 1344 1274 composuit
1365 1207 1374 1248 ε
1392 1206 1447 1250 re·

405 1325 481 1370 rum
500 1300 583 1370 adeo
602 1302 698 1395 inops
719 1314 819 1393 utque
838 1324 958 1394 egens,
976 1314 1013 1370 ut
1031 1314 1166 1370 coaetus
1182 1301 1226 1368 sit
1243 1302 1447 1396 precipuum

405 1419 492 1492 illud
509 1421 708 1516 opusculum
729 1445 826 1490 suum
850 1418 1021 1490 annalium
1043 1421 1144 1490 Ennii
1161 1419 1377 1490 elenchorum
1398 1447 1449 1490 se-

405 1541 511 1612 decim
531 1539 678 1610 millibus
701 1563 878 1609 nummum
897 1539 1031 1610 cuidam
1049 1539 1193 1610 vendere
1213 1567 1222 1609 ε
1242 1565 1328 1634 quos
1348 1539 1448 1610 libros

405 1661 557 1734 Orbilius
585 1687 780 1757 suppressos
806 1661 984 1731 redemisse
1012 1685 1047 1731 se
1071 1661 1172 1748 dixit,
1197 1658 1449 1757 vulgandosque

405 1807 538 1853 curasse
558 1786 693 1852 nomine
710 1783 864 1874 auctoris.

451 1905 513 1972 lx.
545 1901 695 1974 Orbilius
717 1900 870 1996 Pupillus
897 1906 1165 1990 Beneventanus,
1193 1916 1302 1971 morte
1330 1927 1450 1997 paren·

405 2039 499 2112 tum,
529 2049 596 2094 una
620 2037 721 2117 atque
741 2022 856 2092 eadem
880 2022 934 2098 die
954 2025 1166 2094 inimicorum
1192 2020 1271 2093 dolo
1294 2024 1451 2094 interem-

406 2159 535 2231 torum,
550 2143 744 2229 destitutus,
765 2144 876 2238 primo
889 2144 1118 2238 apparituram
1135 2143 1385 2239 magistratibus
1402 2143 1451 2212 fe-

406 2265 452 2335 cit
468 2288 477 2334 t
494 2263 614 2333 deinde
630 2265 665 2333 in
681 2264 882 2334 Macedonia
901 2263 1092 2354 corniculo,
1111 2289 1189 2334 mos
1202 2289 1290 2357 equo
1306 2265 1429 2334 meruit
1446 2291 1453 2330 :

406 2383 608 2479 functusque
621 2382 752 2470 militia,
767 2384 876 2454 studia
891 2387 1036 2480 repetiit,
1052 2409 1127 2478 quae
1139 2386 1208 2477 jam
1223 2383 1301 2453 inde
1316 2408 1455 2478 spuere

407 2529 477 2574 non
494 2503 784 2607 levitertattigerat
805 2532 813 2572 ε
835 2530 873 2574 ac
893 2504 1061 2599 protessus
1080 2503 1138 2574 diu
1158 2507 1192 2573 in
1212 2506 1338 2602 patria,
1355 2507 1456 2599 quin·

407 2625 600 2720 quagesima
628 2625 761 2695 demum
794 2649 884 2694 anno
911 2630 1074 2712 Romam,
1102 2623 1241 2694 musula
1266 2626 1457 2711 Cicerone,

356 2832 361 2847 Ι
408 2748 560 2832 transiit3
584 2746 768 2840 docuitque
797 2747 924 2840 majore
948 2745 1058 2832 fama,
1085 2769 1186 2840 quam
1213 2743 1455 2816 emolumento.

408 2869 561 2960 Namque
582 2869 652 2959 jam
678 2891 858 2961 persenex,
880 2889 1063 2961 pauperem
1085 2890 1139 2954 se,
1163 2880 1197 2934 et
1217 2865 1369 2934 habitare
1394 2865 1458 2934 sub

346 3042 348 3050 .
409 2987 547 3081 tegulis,
567 2988 713 3080 quodam
735 2989 860 3082 scripto
881 2985 1015 3056 fatetur.
1034 2989 1175 3057 Librum
1192 2987 1314 3074 etiam,
1334 2988 1391 3055 eui
1408 3002 1460 3055 est

408 3099 525 3176 titulus
546 3108 764 3202 Perrblogos,
786 3106 909 3194 edidit,
931 3109 1160 3210 continentem.
1176 3103 1328 3200 querelas
1348 3104 1392 3174 de
1410 3109 1461 3175 in-

406 3227 526 3319 juriis,
544 3253 627 3320 quas
645 3229 846 3323 professores
865 3225 1068 3323 negligentia
1086 3242 1119 3296 et
1135 3227 1316 3296 ambitione
1337 3213 1462 3320 paren-
1523 3313 1526 3316 .

409 3361 481 3416 tum
503 3349 702 3443 acciperent.
725 3351 801 3418 Fuit
820 3363 932 3418 autem
952 3362 1080 3417 naturae
1100 3347 1242 3434 ecerbae,
1261 3371 1329 3416 non
1352 3348 1459 3418 modo

409 3467 444 3536 in
455 3467 706 3562 antisophistas,
720 3494 805 3563 quos
818 3469 911 3538 omni
925 3493 1078 3538 sermone
1094 3466 1266 3556 laceravit,
1280 3466 1339 3536 sed
1354 3470 1461 3537 etiam

408 3588 444 3656 in
461 3585 657 3682 discipulos,
675 3603 712 3657 ut
729 3590 887 3659 Horatius
904 3588 1089 3684 significat,
1104 3588 1286 3686 plagosum
1303 3613 1383 3658 eum
1402 3615 1463 3682 ap·

409 3704 556 3800 pellens,
573 3722 606 3776 et
627 3710 794 3778 &mitius
813 3713 946 3778 Marsus
966 3710 1134 3796 scribens,

506 3889 624 3965 siquos
645 3891 774 3947 Orbilius
794 3893 884 3948 leruln
906 3893 1066 3966 scutieaque
1085 3893 1195 3948 cecidit.

413 4053 459 4119 Ac
471 4075 512 4118 ne
526 4054 712 4148 principum
726 4056 859 4146 quidem
876 4061 1023 4126 virorum
1041 4058 1256 4125 insectatione
1271 4057 1464 4127 abstinuit:
