3138 5438
457 541 485 594 C.
504 541 637 597 tumus
653 543 787 612 CAESAR.
1103 559 1136 614 19

97 664 216 734 disium
233 663 389 748 tetendit,
401 688 469 756 quo
483 661 634 734 consules
649 665 889 759 Pompeiusque
903 666 1136 759 confugerant,

97 784 345 878 quamprimum
363 782 617 852 transfretaturi.
633 787 702 852 Hos
720 783 843 854 frustra
858 809 919 878 per
934 809 1048 854 omnes
1064 811 1136 854 mo·

97 927 148 971 ras
174 903 267 970 exitu
295 899 474 994 prohibere
501 916 659 989 conatus,
686 906 825 971 Romam
854 903 917 972 iter
944 905 1135 973 convertit:

97 1020 337 1116 appellatisque
360 1018 401 1087 de
422 1017 593 1114 republica
613 1021 782 1113 patribus,
804 1019 1018 1091 validissimas
1036 1025 1135 1093 Pom-

98 1142 160 1234 pu'i
188 1141 324 1234 copias,
354 1161 429 1232 qua
459 1139 521 1207 sub
549 1140 655 1207 tribus
683 1137 817 1233 legatis,
846 1143 895 1209 Μ.
926 1143 1074 1229 Petreio,
1104 1157 1138 1211 et

96 1264 134 1329 L
157 1259 317 1344 Afranio,
336 1272 370 1326 et
391 1259 439 1326 M.
462 1259 613 1326 Varrone
632 1258 666 1324 in
689 1259 847 1352 Hispania
866 1271 980 1346 crant,
999 1260 1136 1348 invasit3

97 1377 267 1472 professus
295 1391 374 1446 ante
403 1378 490 1444 inter
519 1401 617 1463 suos,
645 1377 692 1445 ire
720 1401 757 1446 se
784 1377 1039 1447 adrumetum
1068 1380 1139 1448 stiae

95 1498 199 1580 duce,
225 1511 260 1566 et
285 1496 365 1565 riade
386 1519 590 1565 reversurum
613 1495 665 1564 ad
683 1495 800 1565 ducem
822 1499 893 1566 sine
916 1497 1072 1567 eaemriu.
1096 1501 1139 1566 Et

96 1639 291 1708 quanquam
311 1613 483 1682 obsidione
499 1611 670 1698 Massilia,
690 1637 764 1706 quaa
782 1615 844 1683 sibi
862 1616 898 1682 in
924 1616 1040 1683 itinere
1059 1639 1138 1708 por·

96 1751 145 1804 tas
160 1731 346 1816 clauserat,
365 1756 559 1824 summaque
574 1732 798 1800 frumentariae
811 1735 859 1801 rei
875 1735 1016 1827 penuria
1033 1748 1137 1802 retar-

96 1854 214 1940 dante,
234 1853 329 1920 brevi
349 1865 458 1919 tamen
477 1852 588 1918 omnio
607 1850 745 1944 subegit.

141 1975 284 2043 XXXV.
312 1973 399 2039 Hinc
424 1969 506 2038 urbe
529 1972 688 2064 repetita,
715 1972 749 2038 in
775 1969 1005 2040 Macedoniam
1031 1987 1138 2041 trans·

95 2117 247 2187 gressus,
266 2091 480 2184 Pompeium,
499 2113 557 2182 per
573 2105 718 2182 quatuor
733 2115 827 2184 paene
845 2115 973 2160 menses
989 2094 1138 2161 maximis

95 2213 268 2280 obsessum
300 2211 479 2302 operibus,
512 2208 553 2276 ad
585 2223 769 2277 extremum
802 2210 991 2279 Pharsalico
1021 2210 1138 2304 proelio
1253 2284 1257 2296 ι

94 2330 181 2400 sudu
204 2353 213 2397 :
237 2343 274 2396 et
297 2327 479 2421 lugientem
501 2325 735 2396 Alexandriam
758 2343 971 2420 persecutus,
993 2345 1032 2397 ut
1052 2331 1138 2397 occi-

92 2475 168 2517 sum
187 2445 426 2542 deprehendit,
444 2469 520 2512 cum
538 2443 715 2512 l‘tolemaeo
735 2469 830 2538 rege,
848 2472 868 2514 a
886 2471 955 2538 quo
972 2447 1033 2514 sibi
1053 2471 1138 2539 quo·

91 2595 158 2663 qne
186 2565 325 2635 insidias
351 2565 443 2632 tendi
471 2561 621 2650 videbat,
651 2561 776 2632 bellum
804 2589 882 2633 sane
907 2565 1136 2634 difficillimum

90 2689 215 2782 gessit3
242 2709 351 2777 neque
378 2682 472 2769 loco,
499 2705 606 2775 neque
629 2697 779 2776 tempore
806 2709 921 2775 aequo,
948 2684 1005 2751 sed
1030 2685 1139 2752 hieme

89 2808 190 2890 anni,
208 2819 242 2872 et
257 2805 344 2870 intra
358 2803 478 2870 moenia
493 2802 710 2894 copiosissimi
727 2825 765 2868 ac
783 2800 1000 2869 sollertissimi
1016 2801 1138 2884 hostis,

90 2929 194 3019 inops
220 2923 290 3016 ipse
313 2945 426 2990 rerum
448 2923 621 3004 omnium,
642 2935 742 3013 atque
768 2923 960 3014 imparatus.
985 2925 1138 3014 Regnum

92 3044 233 3139 AEgypti
250 3043 355 3109 victor
368 3039 552 3133 Cleopatra
567 3039 726 3132 fratrique
743 3042 814 3133 ejus
827 3041 946 3107 minori
963 3041 1111 3134 permisit
1129 3066 1137 3107 :

92 3167 230 3232 rer-itus
252 3161 454 3253 provinciam
477 3159 602 3246 facere,
624 3185 666 3228 ne
690 3159 889 3252 quandoque
911 3158 1139 3228 violentiorem

88 3279 273 3378 praesidem
305 3295 419 3367 nacta,
450 3303 615 3347 novarum
646 3303 759 3347 rerum
792 3279 929 3347 materia
960 3294 1053 3348 esset.
1086 3279 1138 3348 Ab

86 3399 301 3472 Alexandria
320 3401 354 3466 in
372 3400 521 3492 Syriam,
540 3413 573 3466 et
592 3398 668 3467 inde
685 3401 831 3467 Pontum
850 3397 1001 3484 transiit,
1020 3423 1140 3493 urgen-

1 3491 2 3516 Χ
88 3523 186 3589 tibus
213 3517 256 3586 de
277 3519 445 3587 Pharnace
470 3518 627 3586 nuntiis:
653 3541 772 3610 quem,
794 3516 999 3585 Mithridatis
1024 3519 1138 3610 Magni

87 3640 227 3724 lilium,
244 3661 285 3706 ac
298 3651 378 3705 tunc
397 3637 570 3705 occasione
587 3651 775 3732 temporum
795 3634 991 3722 bellantem,
1005 3637 1139 3728 jamque

86 3754 277 3851 multiplici
300 3779 452 3824 successu
477 3755 710 3848 praelerocem,
733 3756 819 3823 intra
842 3755 1014 3848 quintum,
1039 3779 1139 3846 quam

83 3879 268 3960 adflictat,
287 3875 394 3960 diem,
414 3889 578 3967 quatuor,
598 3875 719 3968 quibus
738 3877 773 3942 in
797 3889 1010 3968 conspectum
1028 3875 1139 3958 venit,

84 3999 211 4082 lior-is,
230 4017 295 4062 una
313 3993 503 4090 profligavit
521 3995 609 4080 acie;
628 3995 743 4062 crebro
761 4016 1023 4062 commemorans
1039 3995 1138 4060 Pom-

83 4121 155 4212 peii
172 4113 384 4200 felicitatem,
401 4113 455 4180 cui
473 4114 637 4206 praecipna
651 4111 774 4181 militias
791 4112 862 4181 lans
876 4111 917 4178 de
931 4125 999 4178 tam
1017 4107 1140 4178 imbelli

962 4255 993 4294 2.
