3138 5438
459 526 487 581 C.
505 527 633 584 1111.qu
651 525 788 582 CAESAll.
1103 543 1140 596 ας

112 654 233 720 senatui
246 652 426 720 affirmavit
440 676 448 718 ε
464 675 537 742 quae
555 652 638 720 scire
652 653 690 719 C.
703 651 860 740 Matium,
875 627 907 718 et
920 653 959 720 C.
973 652 1139 748 Oppium,

111 771 316 864 reliquosque
335 770 473 838 Caesaris
491 769 639 838 amicos:
660 793 802 861 quorum
819 771 856 838 C.
877 771 1028 862 Oppius,
1046 771 1138 860 quasi

111 889 200 982 plane
225 889 415 957 defensione
436 913 474 956 ac
495 889 679 982 patrocinio
702 911 753 955 res
773 903 902 980 egeret,
924 886 1046 954 librum
1070 887 1139 955 edi·
1222 973 1226 980 ι

112 1009 167 1092 dit,
185 1038 203 1072 α
215 1011 296 1078 Non
315 1031 385 1077 esse
401 1008 539 1078 Caesaris
556 1007 683 1090 lilium,
702 1033 800 1099 quem
819 987 995 1102 Cleopatra
1014 1007 1140 1076 dicat.»

111 1126 240 1196 Helvius
257 1128 382 1213 Cinna,
408 1127 561 1196 tribunus
581 1125 701 1220 plebis,
720 1124 885 1219 plerisque
905 1125 1072 1194 confessus
1091 1141 1141 1194 est

111 1248 259 1314 babuisse
284 1271 319 1314 se
340 1249 497 1341 scriptam
522 1260 735 1340 paratamque
753 1245 884 1339 legem,
908 1269 1008 1339 quam
1032 1249 1141 1315 Caesar
1228 1327 1230 1333 Ι

111 1367 188 1434 ferre
202 1367 371 1458 jussisset,
388 1390 493 1458 quum
508 1367 578 1459 ipse
594 1365 736 1452 abesset,
754 1367 804 1432 uti
821 1365 939 1433 uxores
956 1363 1136 1434 liberorum

112 1484 362 1578 querendorum
385 1509 502 1571 causa,
523 1508 605 1576 quas
628 1498 661 1552 et
682 1499 764 1577 quot
784 1482 898 1570 vellet,
916 1483 1037 1552 ducere
1059 1482 1136 1552 lice·

113 1620 165 1672 ret.
183 1609 238 1674 Ac
255 1605 366 1672 necui
382 1603 520 1672 dubium
535 1603 672 1671 omnino
688 1603 749 1688 sit,
767 1617 800 1670 et
817 1601 1030 1695 impudicitiae
1046 1627 1140 1689 eum,

113 1737 141 1790 et
153 1721 395 1790 adulteriorum
416 1721 570 1816 flagrasse
590 1719 745 1806 inlamia,
764 1722 867 1788 Curio
887 1735 979 1812 pater
998 1719 1140 1813 quadam

113 1865 182 1910 eum
208 1843 360 1910 oratione
382 1843 558 1908 «omnium
580 1839 757 1908 mulierum
781 1841 910 1926 virum,
934 1853 967 1908 et
993 1841 1142 1908 omnium

113 1962 258 2030 virorum
278 1958 472 2028 mulierem»
491 1956 644 2054 appellat.

155 2083 246 2148 LIII.
271 2079 352 2148 Vini
376 2079 603 2172 parcissimum
625 2101 667 2146 ne
690 2077 813 2146 inimici
840 2075 974 2169 quidem
1000 2103 1141 2172 negaue-

114 2214 197 2268 runt.
224 2199 376 2268 Verbum
403 2201 452 2266 M.
478 2197 614 2266 Catonis
642 2211 691 2266 est
718 2221 726 2264 t
752 2225 769 2260 a
782 2199 896 2268 Unum
924 2221 963 2265 ex
990 2198 1143 2266 omnibus

113 2321 273 2386 Cesaram
298 2317 341 2385 ad
364 2316 574 2386 evertendam
597 2313 832 2409 rempublicam
859 2315 1008 2384 sobrium
1035 2340 1142 2384 acces-

113 2437 195 2505 sisse.
209 2465 227 2500 n
246 2437 334 2506 Nam
350 2438 437 2504 circa
454 2437 578 2503 victum
597 2438 634 2504 C.
652 2435 781 2528 Oppius
801 2432 883 2502 adeo
903 2433 1144 2504 indifferentem

112 2555 225 2642 docet,
253 2569 292 2623 ut
316 2553 484 2647 quondam
509 2555 551 2624 ab
575 2553 704 2646 hospite
731 2551 902 2621 conditum
928 2551 1058 2640 oleum,
1083 2579 1145 2646 pro

113 2675 205 2744 viridi
233 2676 443 2769 appositum,
471 2673 722 2768 aspernantibus
753 2673 890 2760 ceteris,
916 2671 1022 2740 solum
1047 2675 1145 2742 etiam

113 2791 234 2889 largius
260 2792 348 2862 dicat
371 2794 553 2887 appetisse,
582 2819 623 2862 ne
647 2793 812 2886 hospitem
839 2805 897 2860 aut
921 2789 1144 2884 negligentia,

111 2928 166 2982 aut
182 2913 377 2981 rusticitatis
396 2911 563 2980 videretur
582 2907 730 3007 arguere.
760 2901 766 2918 ’

154 3034 247 3101 LIV.
272 3030 513 3100 Abstinentiam
533 3055 640 3124 neque
660 3033 694 3099 in
715 3032 878 3124 imperiis,
897 3054 1003 3122 neque
1023 3031 1058 3097 in
1078 3054 1147 3099 ma·

111 3149 306 3243 gista-atibus
326 3151 486 3242 praestitit.
507 3153 556 3218 Ut
574 3151 663 3218 enim
682 3149 816 3242 quidam
837 3151 1057 3216 monumentis
1079 3151 1147 3218 suis

110 3269 220 3336 testati
238 3279 337 3351 sunt,
350 3265 783 3366 inHispaniaaproconsule
799 3281 831 3334 et
848 3291 868 3334 a
883 3268 976 3336 sociis
993 3269 1148 3361 pecunias

6 3473 7 3488 ἶ
110 3389 255 3480 accepit,
276 3383 494 3454 nendicans
512 3387 546 3453 in
565 3385 724 3455 auxilium
744 3388 816 3454 aeris
834 3385 950 3471 alieni,
969 3402 1002 3455 et
1018 3391 1148 3456 Lusita·

111 3529 234 3574 nomm
264 3502 416 3597 quaedam
438 3503 578 3598 oppida,
602 3529 793 3598 quanquam
817 3531 877 3574 nec
903 3508 1063 3599 imperata
1089 3507 1148 3575 de-

112 3637 312 3708 tractarent,
336 3636 368 3690 et
393 3621 579 3691 advenienti
604 3638 717 3718 portas
743 3623 982 3717 patefacerent,
1010 3623 1148 3718 diripuit

111 3740 288 3812 hostiliter.
312 3743 353 3808 Iu
374 3737 484 3808 Gallia
499 3741 575 3809 fana
595 3739 783 3834 templaque
799 3741 898 3810 deum
917 3743 1012 3810 donis
1028 3742 1148 3812 referta

112 3859 289 3954 expilavit‚
318 3858 416 3926 urbes
447 3857 567 3944 diruit,
596 3861 713 3954 saepius
737 3865 780 3928 ob
810 3861 955 3954 praedam
982 3885 1081 3954 quam
1105 3863 1148 3932 ob

113 3977 300 4047 delictum:
320 3975 411 4046 unde
431 3975 555 4046 factum
585 3993 623 4047 ut
652 4003 735 4047 auro
757 3979 957 4067 abundaret,
984 3981 1149 4074 ternisque
1210 3977 1214 3990 '

114 4095 260 4165 millibus
273 4119 453 4165 nummum
469 4097 503 4162 in
520 4094 621 4166 libras
636 4096 840 4192 promercale
856 4122 913 4190 per
928 4096 1057 4167 Italiam
1074 4123 1149 4192 pro-
