3168 5440
568 733 647 821 DE
679 733 884 822 cunttts
916 731 1299 822 RHETORIBUS

866 1011 998 1065 uultu

860 1257 1014 1276 1-

413 1470 438 1534 1.
460 1407 699 1538 Rnsrontcn
717 1493 851 1563 quoque
869 1469 958 1565 apud
978 1495 1055 1554 nos,
1073 1467 1210 1564 perinde
1228 1483 1326 1563 atque
1343 1493 1441 1562 gram·
1557 1472 1559 1501 ¹

414 1591 550 1678 metica,
570 1615 644 1658 sero
663 1605 795 1685 recepta
813 1606 881 1676 cst,
899 1589 1000 1685 paulo
1016 1592 1115 1659 ctiam
1127 1588 1310 1673 difficilius,
1328 1589 1443 1682 qnippe

412 1735 513 1803 quum
533 1726 663 1780 constet
684 1717 925 1804 nonnunquam
947 1713 1045 1780 etiarn
1067 1710 1270 1806 prohibitam
1295 1710 1443 1778 exerceri.

413 1829 515 1920 Quod
533 1856 576 1899 ne
595 1833 649 1900 cui
664 1830 805 1900 dubium
822 1833 883 1918 sit,
900 1846 994 1900 vetus
1013 1813 1356 1918 senatusconsultum,
1372 1830 1445 1898 item
1557 1816 1559 1887 Ϊ

415 1953 605 2020 censorium
620 1951 781 2037 edictum,
794 1953 966 2045 subjiciam
984 1978 991 2018 :
1007 1982 1024 2015 α
1035 1952 1118 2022 Caio
1132 1951 1260 2020 Fannio
1274 1949 1447 2032 Strabone,

413 2073 461 2139 M.
486 2071 623 2141 Valerio
655 2070 818 2156 Messala,
846 2071 1058 2157 consulibus,
1086 2074 1220 2140 Marcus
1249 2071 1447 2164 Pomponius

415 2207 538 2285 praetor
553 2205 717 2262 'senatum
746 2193 922 2263 consuluit.
950 2191 1052 2281 Quod
1079 2192 1178 2260 verba
1191 2190 1292 2260 ¹sacta
1313 2207 1390 2258 sunt
1410 2188 1447 2257 de

412 2309 621 2405 philosophis
642 2327 676 2380 et
696 2312 738 2380 de
757 2314 966 2400 rhetoribus,
985 2312 1026 2382 de
1044 2336 1081 2381 ea
1104 2337 1140 2381 re
1160 2313 1205 2379 ita
1222 2325 1445 2381 censuerunt:

412 2434 461 2500 Ut
485 2434 534 2501 M.
555 2435 760 2527 Pomponius
781 2448 904 2526 praetor
925 2431 1220 2520 animadverteret,
1240 2446 1446 2524 curaretque,

412 2555 461 2622 uti
480 2554 510 2622 ei
528 2577 547 2621 e
563 2551 732 2648 republica
746 2553 878 2647 fideque
895 2579 954 2622 sna
971 2553 1150 2638 videretur,
1169 2567 1206 2621 ut
1221 2555 1337 2621 Romae
1350 2576 1391 2620 ne
1403 2575 1447 2620 es·

410 2688 494 2742 sent.
510 2703 526 2740 s
545 2677 597 2744 De
620 2673 754 2760 iisdem,
776 2673 949 2765 interjecto
969 2689 1134 2766 tempore,
1154 2675 1265 2742 Coeus
1286 2672 1448 2741 Domitius

411 2786 643 2882 AEnobarbus,
668 2809 701 2864 et
726 2795 850 2864 Lucius
875 2795 1024 2862 Licinius
1044 2797 1204 2880 Crassus,
1221 2816 1388 2881 censores,
1406 2791 1448 2858 ita

410 2913 608 2984 edixerunt:
628 2915 907 2984 «Renunciatum
925 2927 975 2982 est
992 2913 1108 3000 nobis,
1125 2937 1194 2981 esse
1209 2913 1379 2998 homines,
1393 2901 1446 3003 qui

412 3059 536 3102 novum
557 3059 664 3128 genus
682 3034 864 3128 disciplinae
886 3035 1103 3102 instituerunt
1120 3059 1128 3101 :
1144 3032 1187 3102 ad
1201 3057 1285 3126 quos
1295 3033 1447 3127 juventus

409 3153 446 3220 in
463 3151 579 3222 ludum
596 3157 793 3225 conveniat:
812 3181 867 3224 eos
886 3155 947 3224 sibi
968 3179 1089 3223 nomen
1107 3154 1300 3246 imposuisse
1315 3153 1446 3222 latinos

410 3273 595 3344 Rhetoras:
612 3276 657 3344 ibi
669 3277 818 3346 homines
830 3271 1093 3344 adolescentulos
1104 3285 1191 3342 totos
1206 3272 1276 3341 dies
1290 3270 1446 3340 desidere.

410 3396 556 3490 Majores
580 3399 705 3483 nostri,
729 3422 802 3492 quae
826 3396 947 3464 liberos
971 3419 1049 3464 suos
1078 3393 1220 3477 discere,
1248 3408 1281 3462 et
1308 3417 1387 3486 quos
1414 3393 1447 3459 in

410 3515 510 3586 ludos
522 3518 604 3585 itare
621 3516 758 3607 vellent,
779 3519 1005 3586 instituerunt.
1028 3518 1106 3584 Haec
1124 3539 1226 3602 nova,
1242 3538 1315 3606 quae
1330 3527 1448 3608 praeter

410 3638 687 3708 consuetudinem
712 3665 750 3708 ac
773 3664 901 3708 rnorem
925 3638 1089 3732 majorum
1117 3635 1222 3723 fiunt,
1246 3659 1352 3729 neque
1372 3631 1450 3726 pla·

410 3775 504 3844 cent,
522 3783 629 3852 neque
649 3775 738 3828 recta
760 3759 927 3828 videntur.
946 3759 1165 3851 Quapropter
1189 3771 1223 3824 et
1241 3757 1297 3842 iis,
1316 3755 1372 3849 qui
1392 3777 1452 3822 cos

411 3879 507 3948 ludos
525 3881 668 3968 habent,
685 3895 719 3949 et
738 3881 797 3967 iis,
814 3881 872 3974 qui
890 3903 930 3948 eo
947 3880 1061 3946 venire
1078 3891 1296 3962 consuerunt,
1315 3873 1454 3944 videtur

383 3999 614 4087 laciendum,
638 4015 676 4070 ut
702 3999 914 4070 ostendamus
943 4012 1091 4068 nostram
1111 3999 1325 4083 sententiam,
1348 3995 1456 4063 nobis

411 4144 477 4186 non
498 4119 638 4213 placere.
654 4151 671 4188 s
687 4119 850 4190 Paulatim
868 4137 899 4188 et
921 4121 992 4213 ipsa
1012 4118 1102 4188 utilis
1118 4119 1322 4211 honestaque
1338 4137 1454 4210 appa-
