3098 5446
431 456 469 523 46
845 457 876 512 C
898 454 1079 514 sunrouu

432 599 614 676 utrumque
638 580 792 652 ordinem
820 606 889 652 uon
919 597 988 652 um
1016 581 1170 652 libertate
1190 583 1276 652 inter
1302 609 1448 679 se,qua1n
1538 659 1539 674 ἶ

431 705 595 802 dignitate
607 703 754 790 differre,
772 704 814 774 de
827 705 942 799 jurgio
955 703 1102 799 quodam
1118 707 1279 776 senatoris
1292 708 1452 802 equitisque
1538 703 1539 754 l

433 827 563 896 romam
576 827 622 896 ita
638 826 875 921 pronunciavit
895 851 903 894 ε
920 855 938 890 α
950 828 1029 895 Non
1046 841 1203 920 oportere
1216 825 1364 898 maledici
1380 853 1456 900 sene·
1538 867 1539 930 q

432 947 580 1034 toribus,
599 944 789 1016 remaledici
805 944 904 1016 civile
922 944 1037 1040 fasque
1053 971 1137 1016 esse.
1149 976 1166 1011 a

480 1071 522 1138 X.
551 1069 678 1138 litium
702 1069 804 1136 series
827 1067 952 1162 ubique
972 1067 1134 1161 majorem
1151 1069 1186 1138 in
1204 1069 1342 1143 ιωάιιιι
1364 1095 1456 1142 erere·
1538 1063 1539 1134 l

431 1204 571 1278 emant,
591 1188 805 1258 manentibus
821 1188 992 1282 antiquis,
1010 1188 1258 1283 intercapedine
1271 1191 1456 1284 jurisdictio·
1538 1263 1539 1300 ,

430 1311 498 1397 nis;
514 1309 748 1380 accedentibus
766 1311 881 1398 novis,
901 1335 941 1380 ex
955 1309 1148 1380 conditione
1164 1311 1376 1407 tumultuque
1389 1329 1457 1382 tem·

430 1456 562 1525 porum.
578 1434 675 1502 Sorte
686 1429 805 1528 elegit,
820 1455 881 1526 per
896 1455 983 1524 quos
995 1445 1092 1526 rapta
1103 1429 1193 1501 bello
1207 1434 1460 1520 restituerentur;
1538 1441 1539 1530 l

428 1553 555 1646 quique
583 1551 710 1646 judicia
735 1549 1013 1640 centumviralia,
1043 1553 1167 1646 quibus
1193 1553 1386 1649 peragendis
1417 1556 1461 1623 vir

427 1671 607 1742 suffectura
638 1671 846 1768 litigatorum
872 1687 953 1741 aetas
980 1671 1174 1756 videbatur,
1201 1689 1296 1742 extra
1324 1674 1461 1744 ordinem

428 1791 674 1888 dijudicarent,
695 1793 952 1888 redigerentque
976 1792 1017 1862 ad
1037 1792 1269 1864 brevissimum
1288 1819 1464 1866 numerum.

478 1919 539 1984 xt.
563 1889 688 1984 Libido
708 1929 809 2010 atque
830 1913 978 2002 luxuria,
1002 1929 1177 1984 coercente
1202 1913 1310 2002 nullo,
1330 1913 1465 1986 invalue-

430 2052 492 2106 rat.
513 2044 640 2107 Auctor
662 2037 793 2105 senatui
816 2033 881 2106 fuit
903 2033 1120 2122 decernendi,
1141 2049 1194 2122 ut,
1214 2060 1289 2128 quae
1312 2060 1349 2104 se
1371 2033 1468 2106 alieno

429 2181 526 2227 servo
541 2157 726 2251 junxisset,
749 2153 870 2226 ancille
888 2156 1070 2226 haberetur
1089 2181 1096 2224 ε
1115 2179 1200 2226 neve
1222 2154 1374 2228 filiorum
1388 2155 1469 2226 lami·

431 2278 550 2347 liarnm
570 2277 813 2348 feneratoribus
829 2276 983 2372 exigendi
1000 2275 1118 2346 crediti
1133 2277 1190 2369 jus
1207 2301 1364 2372 unquam
1380 2291 1469 2363 esset,
1538 2305 1539 2314 ¹

348 2477 356 2483 ,
429 2399 495 2468 boo
509 2413 576 2488 est,
596 2423 637 2468 ue
654 2413 730 2494 post
748 2413 883 2494 patrum
900 2395 1034 2491 quidem
1056 2412 1208 2467 mortem.

479 2525 560 2592 ΧΠ.
579 2521 709 2592 Ceteris
729 2522 764 2590 iu
778 2519 879 2589 rebus
891 2521 1003 2590 statim
1025 2521 1068 2588 ab
1086 2521 1182 2589 initio
1199 2521 1472 2617 principaturus·

425 2669 491 2740 que
503 2643 546 2712 ad
562 2645 690 2713 exitum
708 2641 815 2712 civilis
836 2661 869 2714 et
889 2640 1053 2729 clemens,
1074 2641 1346 2712 mediocritatem
1365 2641 1472 2740 pristi-

427 2790 502 2834 nam
522 2789 631 2858 neque
656 2761 879 2833 dissimulavit
904 2777 1073 2856 unquam,
1093 2787 1132 2832 ac
1157 2762 1356 2856 frequenter
1383 2764 1477 2833 etiam

426 2913 494 2982 pra·
510 2911 545 2956 se
561 2884 649 2958 tulit.
670 2885 765 2974 Quin
784 2899 817 2954 et
833 2899 993 2954 conantes
1010 2880 1174 2977 quosdam
1187 2884 1361 2978 originem
1378 2882 1476 2954 Flavii

425 3009 556 3104 generis
584 3007 627 3077 ad
651 3007 840 3076 conditores
871 3007 1019 3076 reatinos
1049 3005 1276 3100 comitemque
1304 3005 1479 3090 Herculis,

426 3131 521 3224 cujus
536 3143 790 3199 monumentum
800 3143 907 3198 exstat
921 3129 972 3198 via
988 3126 1130 3215 Salaria,
1146 3127 1285 3216 referre,
1308 3130 1423 3200 irrisit
1438 3125 1482 3198 ul·

427 3265 490 3319 tro.
520 3249 679 3344 Adeoque
712 3248 795 3319 nibil
821 3263 1095 3320 ornamentorum
1120 3249 1335 3320 extrinsecus
1367 3247 1482 3344 cupide

426 3373 608 3472 appetivit,
628 3385 666 3440 ut
690 3371 855 3466 triumphi
872 3369 945 3460 die,
971 3369 1127 3466 fatigatus
1145 3369 1309 3442 tarditate
1330 3385 1371 3441 et
1390 3369 1482 3440 radio

425 3515 578 3586 pompa,
605 3517 673 3562 non
696 3493 882 3582 reticuerit,
906 3521 923 3557 α
944 3493 1064 3562 merito
1087 3517 1122 3560 se
1142 3490 1261 3587 plecti,
1279 3494 1351 3586 qui
1370 3495 1485 3562 utun·

426 3613 547 3707 phum,
562 3613 657 3707 quasi
672 3627 731 3682 eut
748 3611 898 3682 debitum
913 3612 1096 3706 majoribus
1118 3613 1206 3699 suis,
1223 3625 1287 3682 eut
1309 3625 1485 3709 speratum

371 3715 375 3722 ¹
426 3757 575 3827 unquam
590 3733 669 3824 sibi,
686 3747 755 3804 tam
769 3735 880 3828 inepte
898 3757 997 3802 senex
1017 3733 1235 3826 concupisset.
1251 3761 1267 3796 a
1293 3737 1356 3804 Ac
1374 3758 1421 3804 ne
1436 3731 1491 3802 tti-

358 3901 362 3908 -
426 3853 594 3924 buniciam
613 3854 749 3954 quidem
774 3867 993 3950 potestatem,
1009 3868 1042 3925 et
1062 3853 1171 3928 Patris
1190 3853 1315 3947 patriae
1342 3849 1492 3951 appella·

426 3975 566 4062 tiopem,
583 3975 646 4045 nisi
662 3999 738 4046 sero
753 3975 887 4069 recepit.
902 3975 990 4044 Nam
1004 3971 1285 4044 consuetudinem
1310 3970 1494 4046 scrutandi

425 4092 626 4183 salutantes,
646 4110 803 4165 manente
818 4094 928 4164 adbuc
947 4093 1035 4166 bello
1051 4093 1160 4186 civili,
1180 4093 1374 4166 omiserat.
