3138 5438
463 467 491 520 e.
509 469 636 524 iunius
655 469 792 526 cussa.
1092 436 1142 524 '13

134 593 245 686 quidem
267 618 303 660 ac
328 592 523 684 periculosi,
549 595 723 682 abstinuit,
742 609 808 662 tam
836 594 1140 686 foederatis,qua1n

134 713 236 780 inseetis
261 737 298 780 ac
326 711 403 797 feris
432 714 584 806 gentibus
611 713 700 782 ultro
726 713 906 782 lacessitis:
925 713 1007 782 adeo
1026 729 1063 782 ut
1089 739 1140 783 se·

134 847 211 900 uatus
229 831 396 923 quondam
416 831 540 924 legatos
566 832 607 900 ad
630 831 868 926 explorandum
882 847 1003 902 statum
1018 833 1142 919 Gallia·

134 975 191 1016 mm
211 949 386 1017 mittendos
400 951 598 1036 decreverit,
614 975 652 1018 ac
675 951 826 1019 nonnulli
848 952 1034 1022 dedendum
1064 979 1141 1023 eum

132 1069 258 1136 hostibus
285 1071 484 1137 censuerint.
513 1069 575 1137 Sed
594 1094 750 1163 prospere
770 1071 1001 1142 decedentibus
1024 1077 1140 1164 rebus,

131 1202 156 1254 et
170 1189 275 1279 sapius
294 1203 329 1255 et
346 1187 514 1280 plurium,
526 1177 627 1280 quani
639 1191 813 1282 quisquam
830 1213 993 1282 unquam,
1010 1193 1137 1262 dierum

130 1305 362 1398 supplicationes
380 1297 577 1399 impetravit.

165 1428 258 1494 XXV.
287 1425 400 1494 Gessit
417 1439 526 1493 autem
544 1451 661 1494 novem
679 1429 792 1514 annis,
810 1429 930 1524 quibus
948 1431 980 1496 in
1000 1431 1138 1522 imperio

129 1543 193 1628 brit,
213 1543 279 1611 hac
313 1542 388 1611 lere.
419 1546 563 1612 Omnem
590 1543 752 1632 Galliam,
777 1569 849 1637 quse
872 1545 957 1613 saltu
982 1550 1137 1639 Pyrenaeo

128 1660 315 1754 Alpibusque
345 1676 378 1729 et
405 1677 517 1730 monte
541 1663 719 1748 Gebenm,
741 1663 999 1756 fluminibusque
1021 1665 1138 1734 Rheno

126 1795 150 1848 et
173 1782 349 1850 llbodanov
366 1782 572 1869 continetur,
593 1796 748 1875 patetque
778 1784 918 1854 circuitu
953 1784 995 1852 ad
1027 1785 1077 1852 bis
1105 1802 1138 1853 ct

127 1901 213 1968 tricies
235 1915 374 1968 centum
396 1899 499 1968 millia
520 1925 694 1993 passuum,
720 1916 838 1993 praeter
862 1903 966 1970 socias
991 1927 1030 1970 ac
1054 1904 1138 1972 bene

124 2021 236 2086 meritas
254 2021 428 2106 civitates,
451 2020 486 2086 in
505 2019 684 2115 provincias
710 2018 849 2086 formam
875 2021 1020 2114 redegit,
1042 2023 1137 2113 eique

123 2137 375 2232 quadringenties
388 2139 425 2206 in
439 2135 585 2230 singulos
599 2161 702 2204 annos
716 2137 870 2230 stipendii
885 2141 1018 2208 nomine
1032 2141 1137 2232 impo-

122 2259 182 2324 suit
205 2260 414 2344 Germanos,
437 2258 493 2349 qui
518 2271 609 2324 trans
636 2255 790 2324 Rhenum
818 2257 986 2352 incolunt,
1011 2261 1134 2352 primus

122 2377 332 2445 Romanorum
354 2391 454 2468 ponte
471 2375 632 2444 fabricato
651 2399 841 2470 aggressus,
860 2378 1009 2447 maximis
1028 2378 1136 2447 affecit

39 2553 40 2564 ,
121 2493 257 2564 cladibus.
289 2498 478 2590 Aggressus
505 2503 612 2564 estet
638 2496 833 2581 britannos,
862 2496 991 2588 ignotos
1019 2511 1135 2578 antea;

39 2665 40 2702 ,
120 2616 333 2708 superatisque
360 2616 513 2708 pecunias
541 2629 575 2682 et
600 2613 730 2682 obsides
758 2615 932 2707 imperavit
960 2639 967 2680 :
998 2639 1057 2706 per
1086 2631 1136 2684 tot

118 2756 265 2804 successus
283 2749 360 2820 ter,
378 2757 439 2802 nec
456 2731 615 2826 amplius,
634 2732 808 2801 adversum
826 2755 937 2800 casum
954 2747 1106 2825 expertus
1125 2759 1133 2798 ε

118 2850 144 2916 iu
161 2855 350 2941 britannia,
374 2851 475 2921 classe
496 2854 529 2920 vi
548 2853 750 2946 tempestatis
770 2875 873 2945 prope
890 2851 1084 2942 absumpta3
1102 2867 1136 2917 et
1199 2897 1203 2908 .

117 2971 279 3060 inGallia,
302 2971 349 3040 ad
366 2973 565 3065 Gergoviam
584 2971 712 3066 legione
732 2971 822 3056 fusa3
842 2985 875 3038 et
896 2971 929 3036 in
951 2971 1134 3038 Germano·

115 3112 174 3158 nrm
189 3091 335 3178 finibuS,
355 3092 485 3160 Titurio
502 3104 535 3159 ct
551 3088 774 3160 Aurunculeio
792 3088 907 3183 legatis
924 3113 982 3182 per
999 3089 1134 3158 insidias
1239 3129 1242 3136 ·

115 3211 196 3279 cesis.

39 3369 40 3420 3
152 3334 270 3401 XXVI.
295 3330 426 3426 Eodem
438 3333 595 3424 temporis
607 3332 713 3424 spatio
725 3344 863 3398 matrem
878 3329 1133 3423 primo,deinde

39 3435 40 3484 3
114 3444 216 3535 illim,
234 3475 300 3520 nec
319 3435 430 3518 multo
450 3463 526 3542 post
546 3464 699 3542 nepotem
717 3451 837 3517 amisit.
856 3453 948 3517 Inter
965 3474 1038 3541 quae
1056 3473 1134 3517 oon-

114 3581 240 3637 sternata
258 3573 297 3638 P.
308 3568 430 3638 ,Clodii
447 3568 535 3637 caede
552 3567 743 3662 republica,
760 3592 863 3660 quum
881 3581 1012 3635 senatus
1029 3591 1132 3634 unum

112 3686 283 3776 consulem,
306 3687 571 3779 nominatimque
587 3690 650 3756 Cn.
669 3689 882 3780 Pompeium,
901 3686 971 3753 fieri
990 3687 1133 3754 censuis-

39 3823 40 3828 ’
111 3818 166 3892 set,
190 3809 258 3902 egit
289 3831 369 3876 cum
401 3806 543 3874 tribunis
570 3805 695 3899 plebis,
724 3804 884 3898 collegam
913 3829 947 3872 se
974 3807 1133 3898 Pompeio

39 3985 40 4022 ,
110 3922 356 4013 destinantibus,
376 3925 411 3993 id
427 3925 539 4019 potius
556 3925 598 3994 ad
615 3925 778 4019 populum
793 3924 935 4009 ferrent,
952 3937 990 3990 ut
1006 3923 1131 3992 absenti

39 4025 40 4086 l
111 4042 177 4132 sibi,
202 4045 474 4138 quandocunque
501 4046 628 4138 imperii
656 4059 786 4138 tempus
812 4042 935 4135 expleri
962 4043 1131 4134 coepisset,
