3208 5430
538 482 580 536 ιιι
600 481 796 539 naaonuu.
1119 487 1176 560 ιε,

152 593 183 652 in
194 605 339 666 montem,
354 614 442 669 quum
450 596 524 652 vires
538 615 604 652 etun
618 595 779 653 lassitudine
793 597 975 666 defecissent,
989 599 1024 654 ab
1039 597 1182 672 equitibus

151 697 194 743 est
209 687 380 743 interiectus.
397 687 464 742 aci.
482 689 605 756 Lucam,
619 705 680 756 vit,
703 687 758 762 599
771 706 833 762 sqq.

191 779 258 836 Ctr.
273 780 324 834 111.
345 778 436 834 Necis.
454 779 594 852 Appiam,
609 780 643 834 B.
661 778 706 845 C.,
724 797 752 849 ν,
765 797 794 852 p.
810 781 866 849 703
882 799 889 835 ε
908 772 942 842 it„
962 792 1008 860 γὰρ
1027 783 1181 862 imagines,

148 884 198 930 ea‘er
212 883 417 948 κατεγνωσμένων
437 899 464 931 τι
479 881 505 931 ir
520 874 590 939 diane
604 878 643 930 ini
657 877 723 947 Γαΐῳ
742 880 852 964 Kaiccpt
866 883 948 950 φόνου,
960 882 1003 934 nai
1020 901 1179 952 προγιγραμ·

149 971 226 1038 μένων
246 968 285 1020 itti
300 976 331 1038 τῇ
345 965 480 1039 καταδίκῃ.

187 1053 263 1124 Lrgc
278 1053 375 1106 Pedaia.
390 1054 462 1107 Veii.
471 1095 480 1122 ,
494 1053 583 1127 rr,69
600 1072 607 1107 τ
625 1055 724 1128 «Lege
735 1055 833 1124 Pedia,
852 1074 936 1128 quam
947 1058 1044 1112 consul
1060 1055 1181 1124 Pedius,

148 1143 256 1218 collega
270 1143 399 1212 Caesaris,
419 1145 538 1214 tulerat,
554 1143 701 1212 omnibus,
721 1144 771 1218 qui
790 1147 925 1200 Caesarem
937 1157 1047 1219 patrem
1060 1145 1179 1202 interie-

148 1246 261 1304 cerani,
275 1252 347 1309 aqua
364 1235 480 1308 ignique
495 1234 633 1290 damnatis
651 1235 835 1290 interdictum
854 1248 923 1292 erat.
933 1259 949 1287 s

187 1327 320 1382 fleterne.
335 1327 377 1382 cf.
395 1329 503 1397 Vnum,
522 1345 563 1395 ιι,
584 1345 629 1396 7²·

193 1420 331 1474 Tradidit.
346 1417 389 1474 Cf.
403 1421 537 1489 Arriam,
554 1437 582 1487 v,
596 1437 625 1491 p.
641 1417 714 1489 703,
734 1430 762 1474 et
776 1421 883 1488 Vnum,
900 1439 940 1488 tt,
956 1437 992 1490 pa
1008 1430 1036 1476 et
1050 1420 1095 1492 76.

187 1509 323 1566 Honores.
338 1513 371 1566 Δ.
387 1511 423 1564 U.
439 1527 495 1579 7²²
511 1511 610 1564 consui
624 1509 678 1564 suit
696 1529 760 1565 cum
774 1512 805 1566 C.
819 1511 911 1567 Sosio.

187 1603 253 1658 Car.
269 1602 319 1656 Ν.
336 1602 487 1657 Emtorem.
508 1631 547 1642 —
568 1602 805 1672 Emtorsamilioe
823 1601 979 1672 dicebatur,
1003 1604 1064 1677 qui,
1087 1621 1177 1678 quum

138 1711 200 1768 per
210 1713 252 1748 oes
267 1704 296 1748 et
307 1693 405 1747 iibmm
424 1702 620 1748 testamentum
635 1691 737 1762 fiebat,
751 1693 886 1749 adhibitis
900 1695 1029 1768 quinque
1044 1696 1177 1766 testibus,

143 1802 198 1858 per
216 1783 408 1859 imaginariam
430 1785 582 1857 quamdam
597 1785 851 1857 mancipationem,
867 1797 943 1841 certa
953 1785 1027 1857 juris
1040 1787 1176 1842 solemni-

144 1886 215 1940 tate,
238 1876 428 1932 haereditatem
451 1878 576 1948 emebat,
597 1887 761 1949 nuncupato
778 1877 886 1934 interea
912 1877 942 1932 in
963 1878 1041 1933 hunc
1059 1879 1175 1935 modum

142 1977 319 2024 testamento.
947 1959 950 1966 ’

183 2061 276 2116 Bello.
296 2060 399 2127 Tacit,
412 2063 538 2129 Arnai,
553 2080 594 2131 tv,
613 2069 649 2126 dl.
666 2080 673 2114 :
693 2060 857 2116 «Domitius
871 2060 995 2117 exercitu
1009 2059 1115 2118 flumen
1122 2063 1176 2119 dl·

142 2149 203 2204 him
228 2153 417 2222 transcendit,
431 2153 544 2228 lougius
564 2161 713 2226 penetrata
733 2152 899 2221 Germania,
920 2172 1005 2226 quam
1024 2154 1175 2228 quisquam

142 2241 271 2312 priorum
287 2262 294 2296 :
309 2262 413 2316 easque
427 2244 466 2298 ob
485 2262 530 2299 res
543 2243 663 2318 insignia
677 2243 814 2316 triumphi
828 2244 947 2316 adeptus
962 2254 1012 2300 est.
1025 2268 1037 2291 ν

182 2335 247 2389 cir.
260 2337 294 2388 V.
309 2336 429 2389 Iuvenis.
445 2335 562 2390 Addidit
570 2335 698 2404 juvenis,
708 2335 788 2408 quod
798 2335 833 2390 de
843 2337 874 2390 C.
889 2337 996 2391 Caesare
1003 2334 1174 2409 imperatore

143 2425 268 2502 cogitare
289 2426 390 2499 aliquis
403 2437 532 2500 poterat,
548 2427 653 2500 eodem·
665 2426 781 2481 nomine
798 2444 865 2482 mox
882 2445 944 2499 cap.
964 2445 994 2481 vt
1008 2438 1174 2486 memorato.

182 2519 316 2575 Mercede
322 2522 497 2592 palatorum.
516 2521 550 2574 H.
565 2537 589 2574 e.
605 2518 730 2574 victorie
748 2518 877 2592 praemio,
892 2518 974 2592 quod
991 2517 1047 2575 iliis
1062 2519 1175 2594 promi·

141 2620 225 2666 Semi.

181 2702 397 2758 Adulteriorum.
412 2703 454 2760 Cf.
469 2705 585 2770 Tacin,
600 2705 705 2757 Annat.
714 2741 723 2767 ,
739 2721 785 2771 vi,
801 2709 846 2772 ⁴7·

182 2795 301 2867 Lepida.
317 2797 360 2850 De
375 2795 429 2851 bac
442 2795 508 2850 vide
520 2798 635 2865 Taum,
649 2797 756 2849 Arnai.
764 2836 773 2863 ,
788 2813 846 2862 xri,
861 2794 907 2860 64.

180 2887 292 2961 Pyrgis.
313 2887 462 2960 Oppidum
488 2887 542 2942 suit
565 2887 684 2942 Etruriae
707 2886 779 2942 inter
802 2886 949 2942 Graviscae
973 2895 1001 2941 et
1029 2887 1113 2942 Caere.
1132 2886 1175 2942 Cf.

141 2981 303 3050 smenon,
321 2999 349 3048 v,
362 2999 392 3053 p.
412 2978 786 3052 156‚etc11.1.n.,ceog.
802 2984 886 3044 Ant,
902 2995 984 3050 11,·9,
1000 2995 1028 3049 p.
1050 2975 1115 3046 735.

184 3070 296 3125 Cerito.
315 3073 349 3126 Δ.
364 3073 400 3127 U.
416 3071 482 3140 781.
499 3070 796 3140 Tacit.,Annol.,11v,
812 3070 849 3139 75
867 3089 874 3123 ι
889 3067 1045 3124 «Tiberius
1061 3079 1174 3140 neptem

139 3160 327 3236 Agrippinam
344 3160 514 3216 Germanico
535 3172 641 3232 ortam,
661 3181 752 3234 quum
772 3179 868 3216 coram
893 3162 945 3216 en.
968 3157 1095 3214 Domitio
1114 3169 1175 3213 tra-

140 3252 274 3323 didisset,
292 3253 322 3312 iu
340 3253 412 3309 tube
427 3252 565 3308 celebrari
584 3253 700 3325 nuptias
714 3253 813 3326 jussit,
830 3261 883 3308 etc.
900 3275 911 3301 ι
928 3251 971 3306 Ci.
985 3252 1088 3321 nnn,
1110 3269 1175 3319 uxr,

139 3361 168 3415 p.
184 3343 252 3417 696.

181 3438 245 3490 Cae.
268 3436 317 3489 Vl.
341 3435 493 3490 Bron'ente
514 3436 581 3490 sole.
605 3435 692 3505 Quod
716 3433 791 3490 inter
808 3434 958 3509 praesagia,
985 3451 1047 3505 quae
1068 3432 1175 3487 Neroni

138 3524 295 3598 imperium
315 3526 543 3598 portenderunt,
558 3536 797 3580 commemoratur
811 3544 827 3580 a
840 3526 950 3596 Dione,
964 3525 983 3579 l.
998 3542 1039 3592 c.,
1059 3541 1088 3596 p.
1108 3523 1174 3596 690.

180 3618 276 3671 Patrr's
299 3636 365 3672 vor.
387 3620 453 3673 Haec
478 3618 530 3673 suit
550 3637 608 3673 vox
633 3617 681 3673 illa
704 3617 839 3688 Domitii,
860 3627 930 3672 teste
954 3616 1057 3682 Dion,
1072 3614 1147 3668 -ibid,
1167 3634 1173 3666 :

138 3704 186 3767 ὁτι
196 3710 318 3768 ddiratc'r
334 3718 398 3768 ioris
414 3713 494 3786 ἄνδρα
509 3718 565 3770 τινὰ
580 3719 669 3788 ἀγαθὸν
686 3719 749 3770 irre
765 3719 823 3786 ἰμοϋ
838 3716 880 3768 καὶ
894 3716 1174 3782 ιἰιταὺτιιςγιννηθῆναι.

179 3799 234 3854 Die
248 3799 369 3854 lustrico.
384 3801 527 3871 Macrob.,
544 3801 678 3866 Sarum„
694 3819 722 3869 ι,
741 3798 774 3854 16
794 3820 801 3853 :
816 3801 887 3853 «Est
900 3807 994 3852 autem
1009 3797 1070 3850 dies
1085 3795 1173 3849 lustri·

137 3909 206 3958 cus,
221 3908 282 3964 quo
300 3889 422 3946 infantes
434 3893 592 3948 lustrantur
607 3903 635 3946 et
649 3909 754 3946 nomen
767 3889 912 3963 accipiunt
925 3907 933 3942 ε
948 3887 997 3942 sed
1012 3885 1035 3940 is
1050 3884 1175 3940 maribus

137 4001 246 4051 nonus,
274 3991 389 4040 octavus
416 3994 458 4039 est
481 3983 601 4040 feminis
617 4008 629 4031 n
651 3983 735 4038 Ritus
764 3982 882 4038 usitatos
913 3977 1047 4034 describit
1076 3979 1171 4048 Pers,

139 4086 189 4134 sat.
207 4093 248 4142 ιι,
264 4073 311 4128 3ι.
