3164 5442
419 461 473 536 198
881 459 996 518 ΝΟΜ

458 579 630 636 Belluamm.
645 579 756 652 Nempe
768 575 961 650 marinarum,
978 595 1030 635 seu
1043 579 1224 634 balenarum.

456 669 524 726 Car.
543 671 679 728 Lxxtlt
702 669 912 727 Instnsmeati...
926 669 1121 746 supellectile.
1134 702 1174 714 -
1189 673 1413 727 lustramentum
1434 682 1459 727 et

414 763 616 835 supellectilem
639 761 799 839 distingne3
820 761 894 818 illud
911 761 950 818 ad
962 763 1170 834 necessitatem,
1190 765 1250 820 baec
1271 763 1309 818 ad
1325 774 1459 819 ornatura

414 853 547 930 pertinet.
561 853 635 910 inde
649 857 775 926 Colum,
789 856 979 922 deliciose..
998 857 1092 926 xrr,3
1116 876 1123 912 ι
1144 880 1156 906 α
1170 853 1337 930 Praeparatis
1350 855 1461 913 idoneis

415 944 486 1004 locis
498 945 718 1004 instrumentum
733 958 761 1003 et
775 947 978 1021 supellectilem
995 946 1168 1006 distribuere
1183 947 1328 1022 ecepimus.
1343 973 1356 1000 s

459 1039 550 1096 Veste.
572 1039 620 1097 Sic
641 1039 728 1096 verba
749 1058 859 1114 ponere
877 1041 979 1098 suadet
997 1041 1166 1098 Torrentius
1189 1061 1273 1118 quern
1300 1053 1461 1118 sequuntur

415 1130 518 1208 optimi
536 1131 706 1208 interpretes
727 1152 735 1188 ε
756 1157 768 1183 a
783 1132 868 1190 Veste
885 1152 945 1189 non
965 1143 1072 1192 temere
1093 1134 1148 1192 alia
1165 1133 1319 1192 domestica
1333 1155 1403 1192 usus
1422 1146 1462 1192 est

416 1241 504 1300 quarn
522 1225 559 1280 ab
572 1243 681 1296 uxore,
702 1235 755 1282 etc.
774 1249 785 1272 n

456 1317 602 1373 Foremia.
618 1317 684 1374 scil.
699 1315 866 1373 vestimenta
880 1335 944 1392 quae
960 1316 1077 1373 fuerunt
1094 1330 1178 1394 toga,
1189 1321 1321 1387 lacerna,
1330 1321 1461 1394 poeaubr.

415 1407 540 1480 Nonius,
553 1429 581 1480 r,
601 1411 640 1468 3:
657 1434 669 1460 α
684 1411 780 1484 Toga,
799 1407 872 1467 sicut
887 1409 918 1466 in
936 1409 1145 1476 consuetudine
1163 1410 1294 1482 habetur,
1308 1411 1462 1469 vestimen-

416 1514 479 1560 tum
493 1513 536 1562 est
553 1523 613 1579 quo
627 1503 657 1559 in
670 1503 736 1560 loro
748 1502 865 1559 utimur.
881 1528 893 1553 υ

457 1596 583 1653 Calceos.
606 1595 699 1653 calcei
717 1605 811 1651 toturn
829 1595 933 1670 pedem
950 1605 980 1654 et
1001 1595 1098 1675 infime
1122 1605 1153 1652 et
1174 1614 1296 1670 superne
1316 1595 1463 1671 tegebant,

415 1705 506 1764 seque
524 1687 636 1746 ratione
654 1688 933 1765 distinguebantura
950 1688 1054 1760 soleis,
1073 1707 1137 1764 que
1154 1689 1281 1763 plantam
1294 1688 1378 1763 pedis
1396 1697 1460 1743 tan·

415 1789 477 1838 tum
494 1765 666 1852 vestiebant,
680 1782 828 1856 superiore
842 1791 925 1856 parte
933 1780 1020 1839 nuda.
1031 1781 1155 1838 Calceos
1164 1800 1224 1839 non
1239 1782 1391 1839 sumebant
1400 1783 1461 1838 no-

414 1874 506 1946 meui,
518 1874 572 1932 nisi
586 1893 677 1949 quum
692 1875 769 1930 iores
783 1874 865 1930 irent.

455 1969 524 2026 Cir.
550 1969 686 2025 LXXIV.
709 1969 806 2023 Recta.
830 1968 931 2042 Suppl.
954 1985 1035 2025 coena
1058 1987 1066 2024 =
1093 1977 1135 2024 est
1159 1985 1229 2023 vero
1256 1979 1335 2022 recta
1358 1985 1460 2032 eoeaa,

415 2061 508 2132 laute,
526 2059 660 2117 omnibus
672 2058 766 2117 modis
779 2057 925 2117 instructa.
941 2061 1045 2131 biart,
1065 2077 1126 2131 vu,
1145 2079 1196 2132 17,
1212 2077 1253 2115 s:

523 2245 621 2294 ltectrm
635 2251 732 2294 scottus
744 2259 819 2310 quum
833 2242 935 2294 recurrit
948 2243 979 2293 ad
991 2257 1093 2293 maru.

462 2417 591 2474 Valerius
605 2417 746 2473 Messala.
762 2418 923 2494 Intelligere
936 2418 1014 2490 licet,
1024 2419 1056 2474 in
1069 2417 1144 2475 libro
1158 2415 1246 2493 quein
1257 2435 1345 2474 senex
1360 2417 1398 2473 de
1411 2435 1461 2473 ro-

416 2509 507 2568 manis
523 2508 635 2568 familiis
647 2508 773 2585 scripsit,
795 2519 865 2569 teste
878 2511 966 2581 Plin,
988 2513 1023 2567 Η.
1042 2512 1098 2578 Ν.,
1115 2529 1208 2581 xxxv,
1224 2528 1258 2593 a,
1274 2520 1302 2565 et
1316 2511 1416 2578 Voss,
1428 2510 1462 2562 de

418 2603 490 2660 Hs'st.
506 2606 573 2670 lat,
590 2621 632 2673 rr,
652 2601 696 2658 18.

457 2698 556 2752 Mena.
570 2699 614 2752 De
631 2712 691 2770 quo
704 2695 822 2766 Horat,
836 2696 950 2769 ΕΜ,
968 2713 1014 2767 rr,
1032 2705 1061 2753 et
1076 2697 1186 2771 Epist,
1210 2715 1238 2768 ι,
1258 2713 1287 2766 7,
1305 2693 1355 2750 δι.

460 2788 598 2844 Classem·
612 2787 685 2857 Dio,
700 2805 809 2858 mm,
822 2805 851 2861 p·
870 2787 926 2854 384
943 2807 951 2844 ε
967 2799 1016 2855 Τήν
1032 2804 1139 2857 russos·
1155 2800 1221 2867 αὐτῷ
1235 2793 1278 2849 καὶ
1293 2795 1323 2847 τὸ
1336 2797 1456 2848 saumas.

417 2891 447 2944 τό
462 2909 490 2942 τι
504 2891 563 2944 ἄλλο
578 2889 735 2960 στράτευμα,
748 2886 791 2940 καὶ
808 2889 894 2940 lauris
908 2884 1054 2960 cupidum.

458 2975 632 3048 Speculator.
650 2974 686 3028 Η.
700 2989 725 3028 e.
740 2971 857 3028 satelles.

458 3065 639 3123 vaocabat.
653 3065 746 3133 Quem
760 3061 885 3119 imitatus
903 3071 945 3120 est
957 3064 1105 3138 Trajanus.
1125 3064 1214 3137 Pliu,
1229 3065 1360 3138 Paneg„
1379 3082 1461 3132 xm,

419 3159 436 3217 t
451 3177 460 3216 ε
473 3181 486 3209 α
498 3160 563 3214 Non
576 3157 630 3212 tibi
647 3173 759 3230 semper
773 3155 804 3212 in
816 3155 914 3212 medio
934 3155 1033 3226 cibus,
1047 3175 1215 3233 semperque
1227 3175 1325 3212 mensa
1335 3175 1462 3212 commu-

416 3252 480 3314 nis?
497 3269 558 3308 nou
577 3269 613 3308 ex
627 3249 761 3306 convictu
774 3259 875 3306 nostro
889 3258 989 3306 mutua
1002 3249 1154 3326 voluptas?
1171 3267 1231 3307 non
1245 3267 1393 3324 provocas
1401 3248 1460 3304 red·

419 3345 522 3422 disque
538 3343 700 3402 sermones?
714 3369 727 3396 ι

461 3441 643 3496 Acmamata.
661 3437 759 3514 Vulgo
777 3433 917 3513 significat
936 3453 1028 3509 quum
1043 3435 1157 3494 festivas
1169 3433 1354 3492 recitationes
1371 3444 1398 3490 et
1417 3435 1466 3488 lu-

419 3530 526 3603 dicras,
544 3540 605 3587 turn
619 3529 683 3586 illos
695 3548 713 3586 a
726 3529 833 3604 quibus
847 3528 1053 3601 recitabantur,
1071 3540 1099 3586 et
1114 3549 1188 3604 quos
1201 3527 1380 3585 adhibebant
1393 3545 1466 3582 con-

417 3623 515 3696 viviis,
529 3634 601 3681 teste
614 3622 700 3694 Pliu,
715 3624 811 3697 Epist.
827 3641 877 3695 vr,
894 3622 929 3678 31
948 3641 955 3677 :
969 3621 1206 3678 «Adhibebamur
1214 3619 1347 3696 quotidie
1363 3637 1468 3679 coenaea

418 3727 480 3773 erat
493 3715 624 3786 modica,
641 3713 666 3774 si
682 3713 844 3789 principem
858 3711 981 3789 cogites;
994 3712 1141 3771 interdum
1161 3721 1311 3792 ἀκροάματα
1327 3710 1470 3766 audieba-

418 3828 497 3882 mus,
524 3807 670 3865 interdum
698 3799 912 3880 jucundissimis
938 3807 1118 3865 sermonibus
1138 3824 1198 3862 nox
1225 3804 1396 3860 ducebatur.
1426 3801 1465 3858 Cl

420 3903 510 3973 usu,
534 3919 606 3973 nv,
635 3904 679 3966 rl.
705 3901 741 3957 Η.
767 3899 786 3956 l.
811 3898 1014 3976 intelligendos
1035 3899 1156 3957 maxime
1182 3896 1306 3954 musicos
1325 3905 1408 3971 putat
1427 3896 1471 3951 (1.

421 3994 516 4063 Hose,
538 4012 574 4052 ex
586 3993 732 4065 Macrob,
751 4000 823 4066 rr,l
844 4013 850 4048 :
872 4019 884 4044 ιι
901 3994 1065 4051 Delectatus
1086 3991 1160 4048 inter
1175 4007 1284 4048 coenem
1307 3997 1369 4045 erat
1388 4007 1471 4063 syrn-

420 4085 568 4160 pboniac'n
581 4085 699 4143 Toranii
718 4085 810 4144 Flacci
825 4083 985 4164 Mangonis.
1001 4110 1016 4137 s
