3114 5446
434 523 486 590 nt
834 513 863 568 (L
886 511 1061 568 stJtt'tontt

432 657 569 738 pontum
588 637 862 721 contabulaverin
878 635 976 724 alios,
995 651 1033 704 nt
1050 637 1264 704 Germaniam
1280 651 1314 704 et
1326 637 1440 706 Britan·

432 765 538 849 niam,
556 761 675 854 quibus
690 756 899 843 imminebat,
916 753 1054 849 alicujus
1072 756 1222 824 immensi
1240 759 1350 850 operis
1366 755 1439 856 lama

433 882 606 950 territaret„
627 875 693 948 Sed
711 899 810 946 arum
829 899 940 944 meum
956 889 1145 943 narrantem
1163 899 1246 968 puer
1262 875 1440 962 audiebam,

305 1015 309 1025 '
431 1025 561 1070 cainam
584 997 692 1093 operis
717 997 759 1064 ab
779 993 990 1064 interioribus
1017 992 1131 1062 aulicis
1160 991 1345 1086 proditam,
1364 995 1441 1088 quod

430 1116 618 1212 Thrasyllus
638 1116 908 1198 mathematicus,
929 1113 1027 1182 anxio
1044 1111 1085 1180 de
1101 1137 1286 1182 successore
1304 1113 1442 1198 Tiberio,

432 1253 465 1308 et
480 1239 515 1308 in
529 1261 644 1306 verum
661 1247 813 1328 nepotem
829 1233 998 1328 proniori,
1016 1231 1224 1316 affirmasset,
1237 1261 1253 1296 a
1264 1233 1340 1300 Non
1353 1235 1444 1326 magis

431 1358 549 1427 Caium
569 1357 827 1448 imperaturum,
849 1376 947 1446 quam
969 1375 1028 1446 per
1049 1351 1211 1422 Baianum
1234 1353 1343 1420 sinum
1364 1355 1445 1446 equis

432 1477 696 1546 decursurum.»

478 1599 555 1666 XX.
574 1595 687 1664 Edidit
700 1607 732 1662 et
746 1617 881 1686 peregre
894 1592 1078 1687 spectacula
1092 1618 1100 1661 :
1114 1593 1147 1660 in
1166 1591 1274 1662 Sicilia
1289 1595 1446 1686 Syracusis

434 1713 608 1784 iselasticus
627 1712 746 1796 ludos,
766 1727 800 1780 et
827 1713 862 1780 in
883 1711 993 1782 Gallia
1021 1711 1178 1806 Lugduni
1199 1710 1382 1799 miscellos;
1399 1712 1447 1782 scd

431 1847 465 1903 ct
484 1847 649 1902 certamen
671 1856 804 1924 quoque
834 1855 947 1925 graecae
976 1830 1152 1924 latinaeque
1180 1831 1343 1901 facundiae
1363 1858 1371 1900 ε
1391 1857 1449 1924 quo

433 1949 637 2048 [certamine]
657 1950 767 2020 serunt
786 1949 965 2018 victoribus
989 1952 1122 2043 praemia
1140 1951 1243 2020 victos
1262 1951 1449 2032 contulisse,

433 2071 611 2140 eorundem
628 2085 661 2140 et
676 2069 787 2139 laudes
805 2093 1003 2163 componere
1020 2084 1167 2157 coactos,
1184 2095 1240 2139 eos
1256 2085 1383 2152 autem,
1399 2071 1450 2162 qui

433 2191 573 2260 maxime
586 2187 847 2282 displicuissent,
866 2189 986 2282 scripta
1004 2211 1062 2256 sua
1081 2191 1220 2283 spongia
1236 2188 1390 2285 linguave
1403 2189 1452 2256 de·

433 2309 499 2378 lere
510 2311 636 2402 jussos,
652 2309 716 2376 nisi
737 2306 848 2376 ferulis
866 2307 1055 2402 objurgari,
1074 2323 1133 2378 aut
1151 2309 1288 2379 [lumine
1306 2311 1452 2404 proximo

434 2431 537 2522 mergi
557 2427 758 2497 maluissent.

480 2553 571 2618 XXI.
592 2553 702 2642 Opera
720 2549 781 2618 sub
799 2548 931 2618 Tiberio
946 2551 1189 2644 semiperfecta,
1208 2549 1370 2646 templum
1388 2553 1454 2618 Au-

436 2669 522 2763 gusti
542 2668 775 2760 theatrumque
794 2668 964 2761 Pompeii,
983 2667 1133 2737 absolvit.
1150 2670 1324 2737 Inchoavit
1349 2683 1455 2738 autem

432 2787 679 2880 aqueductum
701 2788 836 2882 regione
850 2787 1001 2871 Tiburti,
1014 2802 1047 2855 et
1065 2788 1344 2881 amphitheatrum
1364 2789 1456 2880 juxta

434 2907 558 2997 Septa:
576 2929 718 2998 quorum
737 2931 874 2998 operum
895 2930 913 2974 a
931 2930 1117 2976 successore
1133 2907 1202 2999 ejus
1221 2905 1366 2975 Claudio
1383 2905 1458 2974 alte·

434 3045 507 3090 rum
526 3038 713 3116 peractum,
729 3027 885 3092 omissum
899 3023 1040 3093 alterum
1060 3039 1118 3093 est.
1134 3027 1302 3118 Syracusis
1316 3023 1460 3117 collapsa

432 3155 593 3210 vetustate
607 3143 741 3227 moenia,
752 3141 955 3236 deorumque
970 3128 1055 3212 ardes
1074 3143 1211 3212 resectae.
1226 3145 1462 3212 Destinaverat

432 3274 466 3328 et
482 3261 571 3330 Sami
587 3259 768 3356 Polycratis
787 3263 911 3356 regiam
931 3265 1116 3350 restituere,
1134 3263 1240 3333 Mileti
1257 3261 1461 3358 Didymeum

432 3403 606 3474 peragere,
623 3382 658 3448 in
670 3381 752 3475 jugo
765 3376 899 3474 Alpium
917 3382 1032 3450 urbem
1047 3382 1207 3470 condere,
1222 3381 1278 3450 sed
1294 3398 1378 3452 ante
1394 3407 1465 3450 om·

432 3499 487 3566 nia
507 3499 665 3568 isthmum
688 3499 723 3567 in
750 3499 872 3570 Achaia
893 3499 1083 3594 perfodere3
1108 3503 1303 3595 miseratque
1325 3503 1399 3597 jam
1424 3498 1465 3568 ad

432 3615 666 3686 dimetiendum
688 3643 772 3712 opus
792 3618 1035 3712 primipilarem.

480 3739 590 3806 xxtt.
614 3741 781 3807 Hactenus
805 3740 898 3830 quasi
925 3737 967 3807 de
998 3741 1177 3833 principe:
1205 3737 1334 3832 reliqua
1364 3755 1405 3810 ut
1430 3739 1470 3808 de

434 3869 584 3924 monstro
602 3855 768 3924 namanda
785 3871 872 3924 sunt.
890 3856 1124 3950 Compluribus
1141 3859 1402 3953 cognominibus
1419 3885 1470 3928 as-

408 3995 411 4007 ·
434 3974 549 4042 sumtis
569 3973 667 4069 (nam
689 3989 723 4044 et
743 3999 841 4062 mus,
861 3990 894 4043 et
917 4000 1123 4047 cssrnontnr
1144 4001 1271 4065 stains,
1293 3994 1330 4046 ct
1357 4005 1472 4051 rnrnn

435 4113 675 4180 macrrnnn,
695 4107 727 4162 et
746 4117 894 4163 carinus
914 4119 1073 4166 nnxrnns
1093 4101 1214 4167 essin
1236 4097 1474 4192 vocabatur),
