3098 5446
428 472 465 538 lss
830 469 861 526 (L
885 467 1063 526 stmmuu

426 614 534 686 serat,
553 623 621 667 nou
645 611 722 668 ante
743 597 953 686 succensuit,
970 619 1072 690 quam
1098 592 1370 666 altercationibus
1385 597 1451 668 inso-

427 717 621 789 lautissimis
648 741 741 813 poene
770 719 805 786 iu
834 716 987 787 ordinem
1017 715 1182 786 redamus.
1200 720 1300 787 Hunc
1321 741 1454 812 quoque,

426 841 579 936 quamvis
599 837 782 936 relegatum
800 837 930 934 primo,
948 836 1070 908 deinde
1093 854 1128 908 et
1151 836 1294 909 interfici
1314 840 1453 934 jussum,

426 963 539 1058 magni
548 961 723 1031 estimavit
731 983 866 1030 servare
875 982 1012 1054 quoquo
1021 957 1134 1046 modo,
1146 960 1265 1048 missis,
1275 961 1334 1054 qui
1342 985 1456 1056 percus·

425 1109 517 1153 sores
532 1095 743 1170 revocareut;
756 1095 791 1150 et
805 1095 983 1182 servasset,
998 1081 1078 1171 nisi,
1095 1082 1163 1176 jam
1177 1083 1312 1178 perisse,
1327 1080 1406 1153 salso
1415 1110 1458 1153 re·

350 1221 355 1230 ’
426 1205 619 1274 nunciatmu
629 1217 723 1272 esset.
734 1205 892 1272 Ceterum
902 1199 1107 1295 nequecede
1116 1201 1314 1298 cujusquam
1324 1227 1458 1299 unquam

425 1324 574 1412 lactatus,
588 1325 687 1419 justis
707 1321 880 1418 suppliciis
893 1320 1114 1418 illacrymavit
1129 1323 1230 1393 etiam
1242 1339 1276 1393 et
1297 1325 1458 1421 ingemuit.

472 1450 567 1517 xvl.
584 1443 662 1516 Sola
681 1459 748 1533 est,
769 1447 888 1538 inqua
911 1445 1032 1513 merito
1051 1441 1221 1540 culpetur,
1241 1447 1389 1540 pecunia
1406 1471 1459 1517 cu·

425 1569 556 1664 piditas.
576 1568 653 1637 Nou
672 1565 762 1636 enim
777 1577 956 1634 contentus
972 1565 1095 1635 omissa
1113 1565 1175 1636 sub
1195 1565 1305 1636 Galba
1326 1569 1460 1664 vectiga-

424 1687 469 1758 lia
490 1711 677 1773 revocasse,
699 1710 786 1756 nova
804 1699 838 1754 et
854 1687 968 1781 gravia
991 1685 1178 1774 addidisse,
1196 1689 1329 1756 auxisse
1346 1690 1460 1758 tribou

424 1809 623 1905 provinciis,
644 1804 815 1877 nonnullis
835 1819 869 1876 et
886 1803 1093 1901 duplicassc3
1118 1808 1363 1903 negotiationes
1390 1835 1462 1904 quo

276 1969 281 1976 ·
423 1956 511 2024 que,
540 1927 592 2000 vel
619 1930 751 2025 privato
779 1925 971 2022 pudendas,
1001 1926 1176 2023 propalam
1201 1931 1373 2016 exercuit,
1400 1955 1465 2000 coe·

424 2053 547 2123 mendo
572 2051 723 2146 quaedm
747 2064 899 2138 tautum,
927 2063 965 2118 ut
989 2047 1096 2143 pluris
1117 2065 1233 2145 postea
1256 2049 1465 2122 distraheret.

423 2176 477 2246 Ne
503 2171 687 2243 candidatis
714 2169 850 2265 quidem
868 2170 1033 2258 honores,
1059 2171 1185 2256 reisve,
1212 2185 1279 2240 tam
1306 2173 1467 2262 innoxiis,

424 2318 526 2388 quam
547 2289 760 2378 nocentibus,
778 2287 1003 2359 absolutiones
1025 2291 1197 2361 venditare
1214 2307 1396 2364 cunctatus
1414 2309 1467 2363 est.

419 2413 581 2486 Creditur
595 2412 695 2482 etiam
708 2424 966 2506 procuratorum
981 2411 1233 2505 rapacissimum
1251 2439 1423 2510 quemque
1432 2413 1469 2485 ad

424 2533 585 2630 ampliora
617 2533 728 2603 officia
751 2557 792 2602 ex
814 2529 978 2601 industria
1009 2530 1126 2602 solitus
1154 2558 1379 2628 promovere,
1406 2561 1467 2631 quo

423 2653 659 2751 locupletiores
679 2679 760 2724 mox
781 2651 1020 2722 condemnaret
1041 2679 1049 2722 :
1072 2653 1195 2748 quibus
1213 2654 1356 2748 quidem
1377 2656 1470 2750 vulgo

423 2809 440 2844 a
455 2804 517 2874 pro
532 2777 679 2873 spongiis
695 2803 713 2840 n
741 2774 914 2844 dicebatur
930 2801 948 2838 o
960 2773 1055 2862 utl,»
1077 2773 1168 2868 quod
1191 2777 1286 2870 quasi
1318 2794 1357 2848 et
1374 2780 1473 2850 siccos

423 2899 662 2984 madefaceret,
686 2909 722 2966 et
750 2895 950 2990 exprimeret
967 2893 1154 2964 humentes.
1170 2895 1324 2986 Quidam
1356 2915 1471 2970 natura

423 3019 675 3115 cupidissimum
688 3014 842 3104 tradunt,
860 3015 961 3110 idque
976 3015 1216 3111 exprobratum
1234 3017 1265 3086 ei
1281 3043 1305 3088 a
1325 3045 1409 3091 sene
1426 3023 1478 3090 bu·

423 3137 542 3226 bulco,
564 3139 641 3232 qui,
656 3151 778 3244 negata
804 3135 868 3204 sibi
887 3135 1032 3232 gratuita
1052 3134 1223 3225 libertate,
1243 3163 1357 3232 quarn
1374 3144 1479 3238 impc-

424 3261 511 3329 rium
528 3258 686 3353 adeptum
702 3255 897 3352 suppliciter
913 3254 1051 3346 orabat,
1065 3255 1350 3351 proclamaverit,
1368 3292 1388 3328 e
1402 3261 1481 3332 Vol·
1537 3299 1538 3324 i

424 3407 500 3476 pem
517 3378 629 3476 pilum'
646 3393 796 3464 mutare,
814 3403 882 3448 nou
897 3401 1048 3448 mor-eso
1065 3380 1153 3448 Sunt
1166 3393 1307 3469 contra,
1329 3386 1396 3478 qui
1414 3385 1481 3479 opi·

424 3517 560 3590 nentur,
576 3499 620 3570 ad
638 3499 857 3570 manubiaset
874 3499 1010 3594 rapinas
1029 3501 1223 3570 necessitate
1238 3503 1484 3600 compulsum,

419 3606 552 3692 ¹summa
578 3621 696 3690 aerarii
711 3619 847 3714 fiscique
878 3620 993 3714 iuopia
1018 3645 1027 3688 t
1049 3618 1091 3690 de
1113 3645 1180 3715 qua
1206 3623 1418 3696 testificatus
1447 3629 1485 3694 sit

423 3745 519 3812 initio
552 3743 664 3812 statim
695 3741 919 3836 principatus,
951 3739 1134 3835 professus,
1163 3744 1485 3845 «quadringenties

423 3863 541 3934 millies
569 3887 655 3958 opus
681 3887 772 3952 esse,
800 3877 839 3932 ut
864 3859 1052 3957 respublica
1074 3878 1162 3933 stare
1189 3883 1325 3968 posset.
1341 3899 1360 3934 n
1383 3869 1486 3961 Quod

422 4000 456 4053 et
481 3981 694 4054 verisimilius
714 3981 867 4071 videtur,
887 3981 1023 4077 quaudo
1047 3997 1081 4053 et
1107 3982 1192 4054 male
1209 3985 1327 4080 partis
1359 3993 1491 4086 optime

422 4129 502 4174 usus
516 4121 574 4175 est
