3098 5446
92 495 1108 520 fflfflmfflmv

365 721 800 826 VITELLIUS.

516 1001 651 1024 *ι

86 1209 106 1274 1.
114 1152 373 1278 Vtrantnonnm
398 1207 561 1304 originem
585 1207 641 1278 alii
657 1206 770 1298 aliam,
791 1223 823 1278 et
843 1205 978 1302 quidem
994 1206 1105 1276 diver·

85 1327 246 1416 sissinium,
264 1328 403 1398 tradunt
422 1354 430 1396 ε
450 1331 574 1423 partim
593 1344 737 1398 veterem
756 1345 789 1399 et
807 1327 968 1414 nobilem,
980 1328 1105 1422 partim

83 1469 148 1514 vero
169 1470 289 1516 novam
303 1460 336 1516 et
350 1447 541 1536 obscurum,
566 1463 667 1542 atque
685 1451 782 1518 etiam
799 1447 967 1518 sordidam
987 1473 994 1515 :
1015 1445 1105 1540 quod

83 1590 133 1661 ego
148 1591 207 1660 per
222 1565 410 1638 adulatores
432 1569 736 1664 obtrectatoresque
754 1571 963 1664 imperatoris
977 1566 1105 1640 Vitellii
1211 1573 1218 1584 '

81 1688 216 1756 evenisse
234 1689 403 1781 opinarer,
424 1689 488 1757 nisi
505 1687 677 1783 aliquanto
699 1691 790 1784 prius
811 1689 853 1757 de
870 1687 1003 1758 familiae
1023 1713 1106 1757 con·

79 1807 194 1878 ditione
216 1809 381 1879 variatum
400 1824 495 1880 esset.
512 1812 631 1880 Exstat
653 1813 698 1900 Q.
712 1810 846 1905 Eulogii
871 1810 913 1880 ad
937 1811 981 1898 Q.
999 1807 1105 1878 Vitel-

78 1926 150 1998 lium
158 1979 168 2016 ,
182 1927 250 1997 divi
266 1931 407 2024 Augusti
421 1945 642 2024 quaestorem,
656 1929 805 2017 libellus,
823 1956 891 2025 quo
903 1931 1106 2017 continetur,

76 2046 221 2119 Vitellios
248 2053 385 2139 Fauno,
415 2051 637 2146 Aboriginum
666 2077 762 2147 rege,
791 2067 826 2120 ct
850 2049 999 2137 Vitellia,
1031 2075 1106 2143 quar

75 2167 180 2238 multis
206 2167 287 2239 locis
314 2195 377 2266 pro
407 2172 542 2240 numine
571 2170 747 2258 coleretur,
775 2186 867 2240 ortos
880 2223 897 2252 ,.
913 2185 985 2240 toto
1007 2171 1106 2240 Latio

74 2273 272 2384 imperasse:
292 2291 415 2362 horum
437 2289 604 2362 residuam
625 2292 762 2386 stirpem
782 2317 822 2360 ex
841 2291 973 2360 Sabinis
993 2305 1118 2388 trans·¹

72 2409 127 2478 isse
153 2413 314 2502 Romam,
343 2426 444 2505 atque
475 2413 561 2481 inter
586 2413 743 2506 patricios
767 2411 952 2482 allectam:
981 2411 1103 2482 indicia

71 2533 176 2626 stirpis
201 2533 361 2604 mansisse
389 2533 466 2622 diu,
496 2535 583 2602 viam
612 2533 780 2604 Vitelliam
811 2535 853 2602 ab
884 2533 1037 2603 Janiculo
1064 2535 1107 2604 ad

68 2677 154 2723 mare
182 2679 307 2749 usque3
333 2656 412 2724 item
442 2653 784 2748 coloniam‘ejusdem
815 2657 976 2743 nominis,
999 2679 1105 2747 *quam

64 2773 178 2866 gentili
199 2777 294 2869 copia
319 2773 482 2844 adversus
497 2773 689 2869 AEquiculos
709 2773 883 2846 tutandam
904 2772 981 2842 olim
1001 2775 1104 2868 depo·

64 2895 248 2987 poscissent
270 2921 278 2962 :
298 2910 448 2990 tempore
470 2895 590 2965 deinde
608 2896 773 2964 samnitici
788 2893 883 2984 belli,
898 2893 1051 2988 prasidio
1070 2897 1105 2964 in

60 3013 220 3110 Apuliam
239 3016 366 3103 misso,
393 3015 554 3110 quosdam
576 3041 617 3084 ex
635 3013 778 3086 Vitelliis
794 3013 981 3084 subsedisse
998 3017 1108 3084 Nuce·

61 3139 137 3226 riae3
167 3161 352 3231 eorumque
372 3138 565 3232 progeniem
591 3135 693 3231 longo
720 3151 796 3230 post
812 3132 990 3205 intervallo
1008 3159 1106 3230 repe·

60 3260 139 3329 tisse
155 3260 285 3330 Urbem
302 3273 402 3352 atquc
419 3258 571 3328 ordinem
588 3259 801 3328 senatorium.

108 3381 154 3448 II.
173 3365 303 3450 Contra
319 3377 432 3473 plures
445 3375 616 3448 auctorem
634 3380 764 3473 generis
782 3376 976 3448 libertinum
995 3377 1107 3471 prodi-

57 3497 194 3568 derunt.
207 3500 341 3570 Cassius
360 3502 516 3583 Severus,
529 3523 593 3576 nec
612 3500 722 3568 minus
739 3497 816 3587 alii,
832 3498 985 3568 eumdem
1000 3513 1034 3567 et
1047 3524 1106 3567 su·
1161 3513 1169 3524 '

55 3635 169 3689 torem
204 3620 517 3689 veteramcntarium
542 3646 549 3688 :
573 3620 668 3712 cujus
697 3618 807 3706 filius,
839 3619 1039 3688 sectionibus
1072 3635 1108 3702 et

51 3742 248 3835 cognituris
267 3741 401 3810 uberius
418 3740 653 3834 compendium
671 3755 803 3826 nactus,
822 3763 862 3808 ex
881 3737 1021 3808 muliere
1035 3737 1109 3808 vul·

50 3863 152 3954 gari,
189 3862 346 3932 Antiochi
386 3861 559 3955 cujusdam
589 3861 773 3932 furnariam
808 3864 992 3930 exercentis
1020 3858 1108 3945 filia,

47 3983 210 4074 equitem
230 4007 407 4052 romanum
426 3985 590 4078 genuerit.
615 3982 681 4052 Sed
701 3983 792 4078 quod
812 3982 992 4076 discrepat,
1010 3982 1053 4050 sit
1071 3983 1105 4050 in

47 4099 187 4170 medio.
209 4107 365 4174 Ceterum
394 4107 430 4172 Ρ.
446 4102 621 4200 Vitellius,
644 4105 744 4173 domo
765 4104 933 4193 Nuceria,
961 4103 1030 4172 sive
1049 4100 1105 4172 ille
