3168 5440
329 571 381 624 DE
402 569 651 628 lLLUSTIlIBUS
672 573 948 628 GRAMMATICIS.
1125 569 1161 624 83

119 693 210 776 dem,
227 717 328 786 quem
348 697 485 764 lenaeus
504 695 661 765 Melissus
677 721 737 790 per
753 695 997 765 cavillationem
1019 697 1164 767 nominis

119 811 226 892 Herbe
242 809 408 905 ἀγάπημα
420 815 517 903 dicit,
527 815 678 884 ducentis
687 814 835 886 millibus
847 837 1022 886 nummum
1033 817 1165 905 Quinto

119 934 242 1004 Catulo
262 951 408 1021 emtum,
425 961 464 1004 ac
483 937 575 1004 brevi
594 937 834 1005 manumissum
858 961 866 1004 τ
887 938 1028 1005 Lucium
1049 941 1165 1032 Appu-

120 1053 220 1124 leium
237 1055 280 1125 ab
296 1056 402 1126 Elicio
416 1056 578 1144 Calvino,
596 1057 710 1154 equite
728 1081 868 1130 romano
884 1056 1071 1151 praedivite,
1085 1083 1166 1151 qua-

121 1174 293 1269 dringenis
310 1177 430 1244 annuis
446 1176 669 1262 conductum,
685 1175 810 1246 multos
824 1173 1003 1246 edocuistie.
1024 1179 1113 1248 Nam
1130 1180 1165 1247 in

119 1296 307 1386 provincias
335 1321 469 1390 quoque
498 1297 713 1391 grammatica
742 1293 1054 1390 penetraverat,'ao
1078 1323 1166 1368 non·

120 1413 201 1486 nulli
216 1415 258 1485 dc
267 1418 447 1486 notissimis
456 1415 650 1486 doctoribus
663 1441 802 1512 peregre
813 1417 1012 1508 docuerunt,
1024 1421 1166 1490 maxime
1207 1437 1208 1442 ’

120 1538 152 1604 in
175 1535 289 1606 Gallia
310 1541 437 1632 Togata
460 1562 468 1605 :
496 1539 584 1607 inter
602 1561 686 1632 quos
713 1539 874 1607 Octavius
892 1541 1033 1626 Teucer,
1059 1555 1093 1608 et
1112 1539 1165 1609 si-

119 1658 275 1726 scenuius
293 1657 450 1745 Iacchus,
464 1672 498 1727 et
513 1658 645 1753 Oppius
662 1659 786 1728 Chares
805 1684 813 1726 :
835 1659 890 1728 hio
904 1659 1039 1753 quidem
1058 1660 1100 1729 ad
1117 1660 1167 1729 ul-

117 1779 232 1848 timam
250 1793 398 1862 aetatem,
415 1793 449 1847 et
469 1803 574 1872 quum
590 1780 743 1872 jamnon
761 1804 876 1872 gressu
895 1779 995 1849 modo
1013 1780 1166 1850 deficere-

118 1914 184 1984 tur,
203 1899 263 1968 sed
282 1915 316 1971 et
334 1901 418 1969 visu.
736 1909 740 1916 '

163 2021 225 2088 IV.
252 2019 444 2114 Appellatio
461 2028 762 2116 grammaticorum
792 2045 899 2117 graeca
925 2021 1166 2092 consuetudine
1211 2039 1219 2050 “

115 2138 276 2225 invaluit3
296 2140 353 2209 sed
375 2142 472 2228 initio
490 2142 630 2211 litterati
646 2143 861 2211 vocabantur.
881 2142 1058 2213 Cornelius
1079 2168 1164 2238 quo·

113 2285 179 2353 quc
197 2261 309 2356 Nepos
328 2263 361 2329 iu
380 2259 510 2348 libello,
534 2257 610 2354 quo'
622 2261 800 2356 distinguit
816 2262 1002 2332 litteratum
1024 2264 1065 2332 ab
1087 2288 1165 2334 cru·

114 2380 204 2465 dito,
234 2380 430 2450 «litteratos
458 2381 593 2474 quidem
614 2380 717 2476 vulgo
740 2380 946 2476 appellari,a
971 2385 1033 2470 ait,
1057 2409 1165 2471 aeos,

112 2503 172 2595 qui
194 2499 322 2595 aliquid
350 2500 528 2597 diligenter
550 2517 583 2572 et
606 2518 703 2571 acute
727 2503 936 2596 scienterque
956 2507 1083 2596 possint
1106 2519 1165 2574 aut

110 2621 244 2706 dicere,
268 2639 327 2692 aut
351 2624 523 2692 scribere:
549 2639 696 2692 ceterum
724 2626 859 2716 proprie
878 2624 926 2691 sic
949 2623 1165 2717 appellandos

110 2759 293 2836 poetarum
314 2746 532 2837 interpretes,
549 2745 606 2837 qui
630 2767 649 2811 a
672 2744 798 2813 Graecis
817 2753 1041 2832 γραμματικοί
1057 2747 1165 2813 nomi-

110 2878 284 2932 nentur.»
303 2863 446 2933 Eosdem
468 2864 669 2932 litteratores
686 2865 865 2950 vocitatos,
883 2862 1024 2933 Messala
1044 2866 1164 2934 Corvi·

105 3009 174 3052 nus
199 2986 236 3052 in
261 2982 405 3077 quadam
425 2982 565 3077 epistola
585 2981 749 3070 ostendit,
771 3009 869 3052 anon
888 3008 958 3052 esse
982 2985 1062 3069 sibi,
1075 3015 1092 3048 s
1111 2985 1164 3054 di·

26 3188 31 3200 ·
105 3128 208 3188 oens,
226 3132 245 3168 α
262 3127 330 3172 rem
351 3129 429 3172 cum
446 3105 550 3172 Furio
573 3101 752 3191 Bibaculo,
777 3127 838 3172 nec
859 3127 935 3172 cum
955 3103 1069 3198 Sigida
1087 3107 1163 3200 qui·

103 3225 208 3311 dem,
230 3239 289 3292 aut
308 3222 492 3293 litteratore
506 3225 634 3292 Catone
652 3249 660 3292 ε
675 3252 692 3288 a
710 3222 874 3316 siguificat
889 3225 977 3292 enim
998 3225 1088 3294 baud
1108 3224 1165 3295 du·

100 3344 160 3414 bie
181 3342 361 3414 Valerium
378 3347 560 3432 Catonem,
579 3359 713 3438 poetam
731 3342 829 3412 simul
844 3346 1164 3440 grammaticumque

102 3465 340 3533 notissimum.
374 3467 479 3548 Sunt,
506 3465 563 3558 qui
585 3461 769 3532 litteratum
794 3488 814 3531 a
840 3463 1024 3533 litteratore
1043 3465 1162 3534 distin·

94 3599 234 3678 guant,
256 3599 294 3652 ut
310 3585 420 3653 Graeci
440 3585 694 3679 grammaticum
710 3609 729 3652 a
750 3585 997 3678 grammatista3
1016 3599 1050 3653 et
1066 3581 1160 3653 illum

96 3705 249 3798 quidem
267 3703 436 3792 absolute,
457 3705 548 3773 hunc
565 3705 777 3773 mediocriter
793 3704 929 3774 doctum
950 3707 1136 3774 existiment
1154 3732 1161 3773 :

92 3849 257 3919 quorum
285 3825 477 3918 opinionem
499 3823 647 3894 Orbilius
666 3827 766 3893 etiam
787 3823 946 3919 exemplis
972 3825 1161 3894 confirmat.

92 3948 192 4016 Nam
207 3997 219 4032 ,
237 3941 359 4036 capud
377 3943 534 4037 majores,
550 3973 567 4008 a
582 3944 645 4030 ait,
662 3973 679 4008 a
695 3967 799 4036 quum
814 3941 940 4011 familia
955 3942 1095 4036 alicujus
1112 3967 1164 4011 ve·

92 4065 188 4134 nalis
212 4063 481 4158 produceretur,
507 4089 574 4132 non
605 4079 726 4133 temere
746 4089 846 4158 quern
865 4063 1045 4132 litteratum
1065 4065 1098 4131 in
1119 4065 1161 4131 ti-

90 4186 191 4274 tulo,
217 4183 299 4271 sed,
315 4183 535 4254 litteratorem
557 4185 691 4254 inscribi
710 4183 844 4253 solitum
866 4207 936 4252 esse
956 4209 963 4251 :
982 4185 1076 4276 quasi
1093 4208 1160 4253 non

993 4302 1030 4372 6.
