3164 5442
421 525 460 578 ΙΝ
484 523 669 576 TIBERIUM
690 520 885 574 NERONEM.
1040 541 1042 548 ⁴
1116 525 1170 582 233

137 652 314 707 consultante
328 651 464 722 Pompeio
479 651 572 705 Mario
587 660 725 722 praetore,
739 668 775 703 an
786 647 894 720 judicia
909 651 1060 720 majestatis
1068 655 1172 710 redde·

135 756 244 813 reuttu,
261 743 432 799 exercendas
445 745 521 818 leges
535 762 594 799 esse
606 742 763 816 respondit.
777 768 788 791 ν

176 851 352 922 Dempserut.
373 849 486 904 Statuas
499 849 539 904 ita
555 848 686 918 formari,
700 859 733 902 ut
748 848 839 920 capita
854 847 915 901 tolli
930 857 958 903 et
972 849 1025 904 alia
1039 849 1171 905 substitui

137 949 265 1015 possent,
280 939 365 994 docet
379 939 468 1008 Plin,
485 941 594 1005 H:N.,
610 959 697 1007 xxxv,
716 958 733 994 n
750 959 757 994 ν
777 941 877 994 «AErei
890 951 1041 1010 ponuntur
1063 943 1169 1015 clypei,

135 1042 268 1104 argentea
296 1031 380 1087 facies
399 1033 488 1087 surdo
510 1029 666 1106 figurarum
696 1029 879 1100 discrimine,
901 1041 1056 1087 statuarum
1078 1034 1170 1106 capita

135 1135 343 1196 permutantur.
362 1148 374 1174 ν

176 1216 298 1271 Nummo
313 1220 363 1272 vel
377 1219 470 1271 anulo.
496 1217 609 1287 Seneca,
627 1219 664 1272 de
685 1216 801 1287 Benef‚
824 1235 882 1287 nr,
912 1215 949 1271 οδ
974 1235 980 1269 :
1003 1218 1171 1272 «Coenabat

134 1308 239 1362 Paulus
252 1308 402 1381 praetorius
420 1308 449 1363 in
463 1309 596 1365 convivio
606 1308 749 1383 quodam,
767 1309 917 1382 imaginem
933 1308 1040 1365 Tiberii
1051 1309 1171 1379 babens,

135 1409 254 1472 ectypa,
268 1411 296 1457 et
318 1401 457 1456 eminente
478 1420 596 1476 gemma.
616 1403 687 1456 Rem
706 1401 907 1474 ineptissimam
928 1401 1038 1469 secero,
1056 1400 1080 1455 si
1096 1419 1172 1456 nurse

135 1489 223 1546 rerba
244 1493 382 1564 quaesiero
403 1491 642 1565 quemadmodum
665 1493 756 1547 dicam
777 1492 855 1546 illurn
875 1493 1016 1548 metallum
1035 1493 1171 1548 sumsisse.

136 1581 225 1651 Quod
239 1583 343 1638 sactum
361 1583 443 1638 simul
457 1595 485 1638 et
499 1587 597 1655 Maro,
613 1603 648 1640 ex
660 1583 737 1639 notis
751 1583 825 1638 illius
841 1583 977 1656 temporis
990 1582 1170 1656 vestigatori-

134 1671 206 1742 bus,
221 1674 339 1728 notavit.
357 1677 396 1730 At
409 1693 507 1732 servus
522 1676 583 1747 ejus
597 1675 644 1731 cui
656 1676 842 1730 nectebantur
856 1673 978 1740 insidia,
992 1673 1017 1728 ei
1031 1673 1111 1729 ebrio
1121 1693 1173 1729 an-

136 1764 238 1820 nulum
259 1766 397 1836 extraxit3
418 1777 447 1822 et
462 1787 551 1841 quum
571 1771 653 1823 Maro
673 1767 806 1824 convivas
826 1777 984 1834 testaretur,
1001 1791 1012 1814 a
1030 1765 1171 1821 admotam

138 1868 199 1906 esse
221 1854 370 1930 imaginem
390 1858 533 1929 obscenis,
548 1884 560 1908 ν
583 1870 611 1915 et
631 1859 690 1930 jam
711 1856 949 1930 subscriptionem
970 1868 1172 1929 componeret;

136 1945 261 2000 ostendit
276 1948 304 2001 in
319 1967 406 2005 manu
419 1970 468 2008 sua
484 1971 580 2008 servus
593 1954 737 2008 annulum.
749 1977 759 2001 ν

178 2037 244 2094 Car.
265 2040 342 2094 LIX.
365 2043 523 2098 Versiculr's.
546 2046 675 2114 Quorum
697 2041 789 2117 ignoti
806 2051 887 2098 mant
905 2051 1051 2110 auctores,
1069 2042 1172 2107 Tacit,

134 2129 261 2194 Attal,
279 2147 303 2198 1,
322 2149 357 2201 7²
379 2151 387 2187 t
405 2135 510 2190 «Hunc
523 2152 641 2208 quoque
655 2151 820 2207 asperavere
839 2132 980 2201 carmina,
993 2131 1107 2188 incertis
1120 2151 1173 2186 au-

135 2217 265 2274 ctoribus
283 2222 416 2297 vulgata,
439 2225 470 2280 in
486 2226 620 2282 saevitiam
638 2225 858 2300 superbiamque
877 2223 951 2296 ejus,
970 2233 998 2279 et
1011 2221 1170 2279 discordem

134 2327 201 2364 eum
220 2320 310 2368 matre
325 2315 458 2371 animum.
469 2340 484 2368 a

179 2401 305 2459 Centum.
319 2407 341 2461 l.
357 2425 380 2462 e.
396 2426 433 2464 ne
445 2420 546 2482 quarta
561 2409 678 2481 quidem
687 2427 754 2481 pars
767 2427 869 2464 census
883 2409 1037 2482 equestris,
1052 2409 1172 2464 docente

134 2494 179 2549 Cl.
199 2496 286 2552 Herse.

174 2589 281 2646 Aurea.
305 2589 385 2648 Sicut
406 2593 574 2650 erudelitate
595 2610 644 2648 sua
666 2609 786 2666 regnum
815 2588 929 2645 Caesaris
950 2607 1067 2644 aureum
1090 2592 1172 2647 misse

132 2679 319 2738 ostenderant
337 2682 478 2740 triumviri
496 2685 653 2755 Antonius,
667 2681 815 2752 Octavius,
828 2679 969 2754 Lepidus,
987 2689 1058 2737 teste
1077 2682 1172 2750 Dion,

131 2791 280 2847 uv11,p.
305 2776 360 2832 336
376 2798 383 2832 :
397 2787 436 2839 Τὰ
454 2782 484 2840 δὲ
499 2783 532 2844 dit
546 2789 685 2857 πράγματα
701 2787 759 2854 πρός
771 2803 799 2834 τι
818 2784 846 2834 τὶν
860 2779 971 2850 &silaus
987 2779 1028 2834 καὶ
1049 2783 1107 2851 πρὸς
1121 2785 1173 2834 int·

130 2875 272 2942 θύμαματὸ
283 2879 373 2929 ἑαυτῶν
387 2874 480 2948 διῆγον,
489 2881 552 2931 ὥστε
562 2885 649 2948 χρυσῆν
660 2879 702 2934 τὴν
719 2875 900 2941 ποῦ’Καίααρος
914 2873 1045 2942 μοναρχίαν
1059 2881 1171 2942 φανῆναι.

175 2959 300 3014 Romule.
318 2961 353 3016 H.
373 2981 398 3018 e.
418 2965 562 3032 Romane,
576 2973 609 3017 ut
622 2962 652 3016 in
666 2961 783 3030 Catuli,
798 2976 884 3026 xxix,
900 2955 916 3011 5
934 2976 941 3010 ε

241 3122 337 3173 Cinoede
350 3125 463 3186 Romule,
477 3125 527 3175 brec
540 3125 631 3174 videbis
644 3135 668 3174 et
682 3123 760 3173 ieret?

175 3291 289 3344 Antores.
305 3291 339 3346 In
353 3310 438 3364 quem
453 3293 555 3348 Cicero
570 3302 638 3346 tunc
653 3290 789 3364 temporis
802 3289 956 3360 plurimum
971 3288 1000 3340 in
1022 3287 1093 3342 urbe
1108 3288 1173 3360 pol-

128 3380 195 3435 lens
217 3391 343 3437 senatum
366 3384 532 3452 concitavit,
548 3384 719 3456 tandemque
735 3382 817 3438 evicit
835 3390 867 3435 ut
885 3381 994 3436 bostem
1014 3379 1172 3434 Antonium

125 3470 288 3542 judicaret,
309 3485 336 3530 et
354 3477 456 3532 Caesari
475 3477 588 3531 lictores
606 3476 782 3550 insigniaque
806 3473 985 3540 decerneret,
999 3474 1173 3543 Pansamque

129 3575 161 3619 et
176 3561 300 3620 Hirtium
321 3567 445 3624 mitteret
465 3569 582 3624 adeum
603 3568 767 3642 pellendum
786 3565 875 3621 Italia.
898 3563 972 3619 Vide
992 3566 1173 3628 Pnurtrcm,

128 3657 162 3711 iu
185 3663 301 3725 Aaron„
316 3678 345 3732 p.
361 3661 427 3733 923.

178 3750 271 3806 carde.
293 3753 339 3807 Se.
359 3751 473 3808 illorum
494 3771 568 3826 quos
594 3753 685 3807 redux
714 3749 891 3824 proscriptos
914 3745 1074 3801 trucidavit.
1100 3747 1173 3814 Dio,

128 3861 214 3912 xm,
227 3860 256 3915 P·
272 3841 325 3912 331
345 3864 352 3897 ἓ
366 3841 388 3902 ὁ
401 3848 431 3903 di
445 3844 566 3913 Ᾰντώνιος
576 3856 647 3921 ὠμῶς
661 3850 702 3904 καὶ
715 3852 819 3909 ἀνηλεῶς
832 3851 882 3916 οὐχ’
895 3850 931 3899 ὅτι
950 3847 1003 3905 τοὺς
1021 3845 1173 3904 ἐντιθέντας,

127 3941 201 3997 ἀλλὰ
214 3941 255 3995 οιαὶ
270 3945 325 4004 τοὺς
343 3946 501 4014 ἐπικουρῆσαὶ
524 3966 570 3997 τινι
591 3947 669 3997 αὐτῶν
688 3945 890 4012 ἐπιχειρήσαντας
909 3938 1114 3994 interstruere
1133 3957 1172 3988 νοι-

127 4034 214 4106 φαλᾶς
232 4042 306 4106 σφῶν,
325 4037 346 4088 ti
359 4037 401 4089 καὶ
417 4041 554 4107 σιτούμενος
568 4040 706 4106 ἐτύγχανον,
724 4032 979 4095 tarantasmum
1000 4032 1113 4081 πλιῐατον
1130 4037 1173 4088 τῆς

126 4128 291 4198 claresceret
310 4131 388 4180 αὐτῶν
404 4130 477 4197 ὅψεως
495 4133 668 4198 inscientem.
