<?xml version="1.0" encoding="UTF-8"?>
<!DOCTYPE html PUBLIC "-//W3C//DTD XHTML 1.0 Transitional//EN"
    "http://www.w3.org/TR/xhtml1/DTD/xhtml1-transitional.dtd">
<html xmlns="http://www.w3.org/1999/xhtml" xml:lang="en" lang="en">
 <head>
  <title>
</title>
<meta http-equiv="Content-Type" content="text/html;charset=utf-8" />
  <meta name='ocr-system' content='tesseract 3.04.00' />
  <meta name='ocr-capabilities' content='ocr_page ocr_carea ocr_par ocr_line ocrx_word'/>
</head>
<body>
  <div class='ocr_page' id='page_1' title='image "./caiisuetonitran00grosgoog_0510.png"; bbox 0 0 3164 5442; ppageno 0'>
   <div class='ocr_carea' id='block_1_1' title="bbox 436 559 1151 617">
    <p class='ocr_par' dir='ltr' id='par_1_1' title="bbox 436 559 1151 617">
     <span class='ocr_line' id='line_1_1' title="bbox 436 559 1151 617; baseline -0.003 -1"><span class='ocrx_word' id='word_1_1' title='bbox 436 561 476 616; x_wconf 76' lang='lat' dir='ltr'>nt</span> <span class='ocrx_word' id='word_1_2' title='bbox 497 560 579 616; x_wconf 88' lang='lat' dir='ltr'>OCT.</span> <span class='ocrx_word' id='word_1_3' title='bbox 602 560 823 617; x_wconf 74' lang='lat' dir='ltr'>AUGUSTUM.</span> <span class='ocrx_word' id='word_1_4' title='bbox 1096 559 1151 615; x_wconf 79' lang='lat'>205</span> 
     </span>
    </p>
   </div>
   <div class='ocr_carea' id='block_1_2' title="bbox 99 669 1174 4255">
    <p class='ocr_par' dir='ltr' id='par_1_2' title="bbox 110 669 1149 835">
     <span class='ocr_line' id='line_1_2' title="bbox 110 669 1149 749; baseline 0.006 -26"><span class='ocrx_word' id='word_1_5' title='bbox 110 669 216 743; x_wconf 80' lang='lat' dir='ltr'>quietis</span> <span class='ocrx_word' id='word_1_6' title='bbox 231 671 341 730; x_wconf 80' lang='lat' dir='ltr'>ten-ito.</span> <span class='ocrx_word' id='word_1_7' title='bbox 351 673 416 730; x_wconf 76' lang='lat' dir='ltr'>»CI</span> <span class='ocrx_word' id='word_1_8' title='bbox 432 676 613 746; x_wconf 67' lang='lat' dir='ltr'>horinon,</span> <span class='ocrx_word' id='word_1_9' title='bbox 626 675 658 732; x_wconf 93' lang='lat' dir='ltr'>in</span> <span class='ocrx_word' id='word_1_10' title='bbox 666 677 762 743; x_wconf 70' lang='lat' dir='ltr'>Brut,</span> <span class='ocrx_word' id='word_1_11' title='bbox 777 695 807 749; x_wconf 89' lang='lat' dir='ltr'>p.</span> <span class='ocrx_word' id='word_1_12' title='bbox 827 675 918 746; x_wconf 73' lang='lat' dir='ltr'>root,</span> <span class='ocrx_word' id='word_1_13' title='bbox 934 685 962 732; x_wconf 86' lang='lat' dir='ltr'>et</span> <span class='ocrx_word' id='word_1_14' title='bbox 975 677 1045 732; x_wconf 75' lang='lat' dir='ltr'>Vnt.</span> <span class='ocrx_word' id='word_1_15' title='bbox 1056 679 1149 742; x_wconf 60' lang='lat' dir='ltr'>Mox„</span> 
     </span>
     <span class='ocr_line' id='line_1_3' title="bbox 110 781 227 835; baseline 0.026 -19"><span class='ocrx_word' id='word_1_16' title='bbox 110 781 135 833; x_wconf 88' lang='lat'>1,</span> <span class='ocrx_word' id='word_1_17' title='bbox 152 783 179 835; x_wconf 88' lang='lat'>7,</span> <span class='ocrx_word' id='word_1_18' title='bbox 204 783 227 819; x_wconf 89' lang='lat'>1.</span> 
     </span>
    </p>

    <p class='ocr_par' dir='ltr' id='par_1_3' title="bbox 149 855 953 941">
     <span class='ocr_line' id='line_1_4' title="bbox 149 855 953 941; baseline 0.004 -30"><span class='ocrx_word' id='word_1_19' title='bbox 149 857 299 932; x_wconf 68' lang='lat' dir='ltr'>Pro-Ipm.</span> <span class='ocrx_word' id='word_1_20' title='bbox 314 857 541 934; x_wconf 78' lang='lat' dir='ltr'>Di0,x1.vu,p.</span> <span class='ocrx_word' id='word_1_21' title='bbox 563 857 620 916; x_wconf 77' lang='lat'>352</span> <span class='ocrx_word' id='word_1_22' title='bbox 640 880 647 914; x_wconf 92' lang='lat'><strong>:</strong></span> <span class='ocrx_word' id='word_1_23' title='bbox 666 855 793 941; x_wconf 63' lang='grc' dir='ltr'>Ῠφόὖπιρ</span> <span class='ocrx_word' id='word_1_24' title='bbox 812 867 854 922; x_wconf 63' lang='grc' dir='ltr'>καὶ</span> <span class='ocrx_word' id='word_1_25' title='bbox 868 868 953 926; x_wconf 56' lang='lat' dir='ltr'>(coibis,</span> 
     </span>
    </p>

    <p class='ocr_par' dir='ltr' id='par_1_4' title="bbox 109 947 1174 1216">
     <span class='ocr_line' id='line_1_5' title="bbox 149 947 1151 1025; baseline 0.006 -21"><span class='ocrx_word' id='word_1_26' title='bbox 149 949 294 1006; x_wconf 77' lang='lat' dir='ltr'>Praebens.</span> <span class='ocrx_word' id='word_1_27' title='bbox 314 951 387 1021; x_wconf 88' lang='lat' dir='ltr'>Dio,</span> <span class='ocrx_word' id='word_1_28' title='bbox 403 970 468 1022; x_wconf 77' lang='lat' dir='ltr'>m,</span> <span class='ocrx_word' id='word_1_29' title='bbox 486 969 516 1025; x_wconf 89' lang='lat' dir='ltr'>p.</span> <span class='ocrx_word' id='word_1_30' title='bbox 539 951 595 1018; x_wconf 73' lang='grc'>546</span> <span class='ocrx_word' id='word_1_31' title='bbox 614 971 621 1008; x_wconf 89' lang='lat'><strong>:</strong></span> <span class='ocrx_word' id='word_1_32' title='bbox 640 947 697 1018; x_wconf 64' lang='lat' dir='ltr'>Iton</span> <span class='ocrx_word' id='word_1_33' title='bbox 716 957 746 1014; x_wconf 72' lang='lat' dir='ltr'>di</span> <span class='ocrx_word' id='word_1_34' title='bbox 766 960 808 1015; x_wconf 80' lang='grc' dir='ltr'>ιισὶ</span> <span class='ocrx_word' id='word_1_35' title='bbox 829 961 905 1014; x_wconf 68' lang='lat' dir='ltr'>latito</span> <span class='ocrx_word' id='word_1_36' title='bbox 924 964 1031 1024; x_wconf 72' lang='grc' dir='ltr'>ἥκουσα,</span> <span class='ocrx_word' id='word_1_37' title='bbox 1051 961 1088 1011; x_wconf 77' lang='grc' dir='ltr'>ὅτι</span> <span class='ocrx_word' id='word_1_38' title='bbox 1108 958 1151 1011; x_wconf 73' lang='lat' dir='ltr'>eri</span> 
     </span>
     <span class='ocr_line' id='line_1_6' title="bbox 109 1046 1174 1122; baseline 0.002 -23"><span class='ocrx_word' id='word_1_39' title='bbox 109 1046 169 1100; x_wconf 70' lang='grc' dir='ltr'>ἄλλό</span> <span class='ocrx_word' id='word_1_40' title='bbox 183 1068 209 1100; x_wconf 84' lang='grc' dir='ltr'>τι</span> <span class='ocrx_word' id='word_1_41' title='bbox 223 1049 331 1120; x_wconf 65' lang='grc' dir='ltr'>ἀργυριον</span> <span class='ocrx_word' id='word_1_42' title='bbox 347 1052 374 1102; x_wconf 73' lang='lat' dir='ltr'>te</span> <span class='ocrx_word' id='word_1_43' title='bbox 388 1051 468 1121; x_wconf 75' lang='grc' dir='ltr'>λογίου</span> <span class='ocrx_word' id='word_1_44' title='bbox 481 1071 555 1114; x_wconf 85' lang='grc' dir='ltr'>τινος,</span> <span class='ocrx_word' id='word_1_45' title='bbox 573 1054 589 1110; x_wconf 78' lang='grc' dir='ltr'><strong>ἢ</strong></span> <span class='ocrx_word' id='word_1_46' title='bbox 603 1050 645 1104; x_wconf 79' lang='grc' dir='ltr'>οιαὶ</span> <span class='ocrx_word' id='word_1_47' title='bbox 663 1053 793 1122; x_wconf 69' lang='grc' dir='ltr'>ὁνιίροιτος,</span> <span class='ocrx_word' id='word_1_48' title='bbox 810 1053 889 1122; x_wconf 61' lang='grc' dir='ltr'>παρὰ,</span> <span class='ocrx_word' id='word_1_49' title='bbox 899 1059 945 1105; x_wconf 77' lang='grc' dir='ltr'>τῶν</span> <span class='ocrx_word' id='word_1_50' title='bbox 965 1052 1150 1122; x_wconf 69' lang='grc' dir='ltr'>προστυχόντων</span> <span class='ocrx_word' id='word_1_51' title='bbox 1169 1083 1174 1095; x_wconf 84' lang='grc'><strong>-</strong></span> 
     </span>
     <span class='ocr_line' id='line_1_7' title="bbox 109 1139 913 1216; baseline 0.011 -27"><span class='ocrx_word' id='word_1_52' title='bbox 109 1139 143 1202; x_wconf 85' lang='lat' dir='ltr'>ol,</span> <span class='ocrx_word' id='word_1_53' title='bbox 157 1141 188 1201; x_wconf 74' lang='grc' dir='ltr'>ὣς</span> <span class='ocrx_word' id='word_1_54' title='bbox 206 1139 249 1194; x_wconf 76' lang='grc' dir='ltr'>καὶ</span> <span class='ocrx_word' id='word_1_55' title='bbox 262 1150 416 1213; x_wconf 80' lang='grc' dir='ltr'>προσαιτῶν,</span> <span class='ocrx_word' id='word_1_56' title='bbox 435 1144 458 1194; x_wconf 80' lang='lat' dir='ltr'>io</span> <span class='ocrx_word' id='word_1_57' title='bbox 476 1147 521 1214; x_wconf 81' lang='grc' dir='ltr'>μιᾷ</span> <span class='ocrx_word' id='word_1_58' title='bbox 537 1150 581 1195; x_wconf 80' lang='grc' dir='ltr'>τοῦ</span> <span class='ocrx_word' id='word_1_59' title='bbox 597 1145 663 1204; x_wconf 74' lang='grc' dir='ltr'>[τους</span> <span class='ocrx_word' id='word_1_60' title='bbox 681 1147 761 1215; x_wconf 72' lang='grc' dir='ltr'>ἡμέρᾳ</span> <span class='ocrx_word' id='word_1_61' title='bbox 781 1142 913 1216; x_wconf 65' lang='grc' dir='ltr'>ι’λοίμὸοινι.</span> 
     </span>
    </p>

    <p class='ocr_par' dir='ltr' id='par_1_5' title="bbox 106 1225 1151 1486">
     <span class='ocr_line' id='line_1_8' title="bbox 149 1225 1151 1304; baseline 0 -23"><span class='ocrx_word' id='word_1_62' title='bbox 149 1225 218 1281; x_wconf 72' lang='lat' dir='ltr'>en.</span> <span class='ocrx_word' id='word_1_63' title='bbox 232 1228 323 1283; x_wconf 87' lang='lat' dir='ltr'>XCII.</span> <span class='ocrx_word' id='word_1_64' title='bbox 339 1229 526 1283; x_wconf 82' lang='lat' dir='ltr'>Induceretur.</span> <span class='ocrx_word' id='word_1_65' title='bbox 537 1227 624 1298; x_wconf 88' lang='lat' dir='ltr'>Plin.,</span> <span class='ocrx_word' id='word_1_66' title='bbox 639 1231 675 1284; x_wconf 89' lang='lat' dir='ltr'>H.</span> <span class='ocrx_word' id='word_1_67' title='bbox 692 1231 743 1295; x_wconf 64' lang='lat' dir='ltr'>N„</span> <span class='ocrx_word' id='word_1_68' title='bbox 764 1248 806 1298; x_wconf 87' lang='lat' dir='ltr'>rr,</span> <span class='ocrx_word' id='word_1_69' title='bbox 821 1249 837 1300; x_wconf 90' lang='lat'><strong>7</strong></span> <span class='ocrx_word' id='word_1_70' title='bbox 854 1248 888 1284; x_wconf 72' lang='lat' dir='ltr'>:a</span> <span class='ocrx_word' id='word_1_71' title='bbox 899 1229 990 1285; x_wconf 83' lang='lat' dir='ltr'>Divus</span> <span class='ocrx_word' id='word_1_72' title='bbox 1004 1232 1151 1304; x_wconf 76' lang='lat' dir='ltr'>Augustus</span> 
     </span>
     <span class='ocr_line' id='line_1_9' title="bbox 106 1315 1150 1394; baseline 0.005 -25"><span class='ocrx_word' id='word_1_73' title='bbox 106 1315 210 1370; x_wconf 75' lang='lat' dir='ltr'>laevum</span> <span class='ocrx_word' id='word_1_74' title='bbox 226 1317 357 1390; x_wconf 83' lang='lat' dir='ltr'>prodidit</span> <span class='ocrx_word' id='word_1_75' title='bbox 375 1318 430 1374; x_wconf 91' lang='lat' dir='ltr'>sibi</span> <span class='ocrx_word' id='word_1_76' title='bbox 448 1319 572 1374; x_wconf 83' lang='lat' dir='ltr'>calceum</span> <span class='ocrx_word' id='word_1_77' title='bbox 586 1331 759 1393; x_wconf 77' lang='lat' dir='ltr'>praepostere</span> <span class='ocrx_word' id='word_1_78' title='bbox 777 1319 942 1392; x_wconf 87' lang='lat' dir='ltr'>inductum,</span> <span class='ocrx_word' id='word_1_79' title='bbox 959 1339 1018 1394; x_wconf 89' lang='lat' dir='ltr'>quo</span> <span class='ocrx_word' id='word_1_80' title='bbox 1037 1319 1084 1376; x_wconf 86' lang='lat' dir='ltr'>die</span> <span class='ocrx_word' id='word_1_81' title='bbox 1105 1337 1150 1374; x_wconf 84' lang='lat' dir='ltr'>se-</span> 
     </span>
     <span class='ocr_line' id='line_1_10' title="bbox 107 1407 685 1486; baseline 0.007 -24"><span class='ocrx_word' id='word_1_82' title='bbox 107 1407 218 1464; x_wconf 84' lang='lat' dir='ltr'>ditione</span> <span class='ocrx_word' id='word_1_83' title='bbox 231 1410 345 1466; x_wconf 84' lang='lat' dir='ltr'>militari</span> <span class='ocrx_word' id='word_1_84' title='bbox 361 1431 455 1486; x_wconf 86' lang='lat' dir='ltr'>prope</span> <span class='ocrx_word' id='word_1_85' title='bbox 474 1411 597 1468; x_wconf 79' lang='lat' dir='ltr'>afflictus</span> <span class='ocrx_word' id='word_1_86' title='bbox 611 1423 661 1468; x_wconf 87' lang='lat' dir='ltr'>est.</span> <span class='ocrx_word' id='word_1_87' title='bbox 673 1437 685 1461; x_wconf 80' lang='lat' dir='ltr'>o</span> 
     </span>
    </p>

    <p class='ocr_par' dir='ltr' id='par_1_6' title="bbox 105 1503 1151 1670">
     <span class='ocr_line' id='line_1_11' title="bbox 147 1503 1151 1578; baseline 0 -22"><span class='ocrx_word' id='word_1_88' title='bbox 147 1503 294 1558; x_wconf 88' lang='lat' dir='ltr'><em>Palmam.</em></span> <span class='ocrx_word' id='word_1_89' title='bbox 310 1505 398 1574; x_wconf 92' lang='lat' dir='ltr'>Quod</span> <span class='ocrx_word' id='word_1_90' title='bbox 412 1504 530 1578; x_wconf 83' lang='lat' dir='ltr'>quidem</span> <span class='ocrx_word' id='word_1_91' title='bbox 539 1515 682 1566; x_wconf 88' lang='lat' dir='ltr'>ostentum</span> <span class='ocrx_word' id='word_1_92' title='bbox 701 1505 802 1562; x_wconf 85' lang='lat' dir='ltr'>Caesari</span> <span class='ocrx_word' id='word_1_93' title='bbox 815 1505 941 1562; x_wconf 85' lang='lat' dir='ltr'>evenisse</span> <span class='ocrx_word' id='word_1_94' title='bbox 956 1515 1074 1561; x_wconf 86' lang='lat' dir='ltr'>testatur</span> <span class='ocrx_word' id='word_1_95' title='bbox 1081 1504 1151 1558; x_wconf 87' lang='lat' dir='ltr'>Plu-</span> 
     </span>
     <span class='ocr_line' id='line_1_12' title="bbox 105 1593 488 1670; baseline 0.01 -23"><span class='ocrx_word' id='word_1_96' title='bbox 105 1593 197 1649; x_wconf 85' lang='lat' dir='ltr'>tarch.</span> <span class='ocrx_word' id='word_1_97' title='bbox 214 1595 244 1648; x_wconf 88' lang='lat' dir='ltr'>iu</span> <span class='ocrx_word' id='word_1_98' title='bbox 265 1594 336 1650; x_wconf 83' lang='lat' dir='ltr'>Coes.</span> <span class='ocrx_word' id='word_1_99' title='bbox 346 1637 357 1663; x_wconf 91' lang='lat'><em>‚</em></span> <span class='ocrx_word' id='word_1_100' title='bbox 375 1615 405 1670; x_wconf 91' lang='lat' dir='ltr'>p.</span> <span class='ocrx_word' id='word_1_101' title='bbox 422 1599 488 1666; x_wconf 91' lang='grc' dir='ltr'>73ο.</span> 
     </span>
    </p>

    <p class='ocr_par' dir='ltr' id='par_1_7' title="bbox 104 1686 1151 2134">
     <span class='ocr_line' id='line_1_13' title="bbox 148 1686 1149 1762; baseline 0.002 -20"><span class='ocrx_word' id='word_1_102' title='bbox 148 1686 349 1762; x_wconf 79' lang='lat' dir='ltr'>Compluoinm.</span> <span class='ocrx_word' id='word_1_103' title='bbox 365 1695 425 1745; x_wconf 85' lang='lat' dir='ltr'>Ara</span> <span class='ocrx_word' id='word_1_104' title='bbox 434 1689 476 1744; x_wconf 91' lang='lat' dir='ltr'>ibi</span> <span class='ocrx_word' id='word_1_105' title='bbox 488 1700 549 1745; x_wconf 88' lang='lat' dir='ltr'>erat</span> <span class='ocrx_word' id='word_1_106' title='bbox 558 1689 678 1746; x_wconf 90' lang='lat' dir='ltr'>deorum</span> <span class='ocrx_word' id='word_1_107' title='bbox 693 1691 857 1761; x_wconf 65' lang='lat' dir='ltr'>Penatium</span> <span class='ocrx_word' id='word_1_108' title='bbox 868 1701 968 1747; x_wconf 88' lang='lat' dir='ltr'>contra</span> <span class='ocrx_word' id='word_1_109' title='bbox 976 1692 1063 1746; x_wconf 86' lang='lat' dir='ltr'>Lares</span> <span class='ocrx_word' id='word_1_110' title='bbox 1072 1689 1149 1744; x_wconf 87' lang='lat' dir='ltr'>cole-</span> 
     </span>
     <span class='ocr_line' id='line_1_14' title="bbox 105 1777 1151 1855; baseline 0.001 -22"><span class='ocrx_word' id='word_1_111' title='bbox 105 1777 214 1834; x_wconf 83' lang='lat' dir='ltr'>bantur</span> <span class='ocrx_word' id='word_1_112' title='bbox 222 1778 341 1849; x_wconf 85' lang='lat' dir='ltr'>inlooo,</span> <span class='ocrx_word' id='word_1_113' title='bbox 352 1780 403 1855; x_wconf 91' lang='lat' dir='ltr'>qui</span> <span class='ocrx_word' id='word_1_114' title='bbox 412 1781 510 1836; x_wconf 88' lang='lat' dir='ltr'>eratin</span> <span class='ocrx_word' id='word_1_115' title='bbox 519 1780 606 1852; x_wconf 83' lang='lat' dir='ltr'>atrio,</span> <span class='ocrx_word' id='word_1_116' title='bbox 616 1793 732 1837; x_wconf 85' lang='lat' dir='ltr'>notante</span> <span class='ocrx_word' id='word_1_117' title='bbox 746 1784 787 1838; x_wconf 86' lang='lat' dir='ltr'>cl.</span> <span class='ocrx_word' id='word_1_118' title='bbox 799 1785 885 1839; x_wconf 75' lang='lat' dir='ltr'>Herse.</span> <span class='ocrx_word' id='word_1_119' title='bbox 895 1815 935 1826; x_wconf 90' lang='lat'>—</span> <span class='ocrx_word' id='word_1_120' title='bbox 943 1785 987 1838; x_wconf 89' lang='lat' dir='ltr'>De</span> <span class='ocrx_word' id='word_1_121' title='bbox 996 1782 1151 1855; x_wconf 59' lang='lat' dir='ltr'>,complnoio</span> 
     </span>
     <span class='ocr_line' id='line_1_15' title="bbox 104 1873 1151 1953; baseline 0.003 -28"><span class='ocrx_word' id='word_1_122' title='bbox 104 1873 145 1926; x_wconf 84' lang='lat' dir='ltr'>sic</span> <span class='ocrx_word' id='word_1_123' title='bbox 153 1873 246 1928; x_wconf 89' lang='lat' dir='ltr'>Varro</span> <span class='ocrx_word' id='word_1_124' title='bbox 254 1913 262 1942; x_wconf 94' lang='lat'>,</span> <span class='ocrx_word' id='word_1_125' title='bbox 270 1875 302 1928; x_wconf 88' lang='lat' dir='ltr'>I..</span> <span class='ocrx_word' id='word_1_126' title='bbox 314 1876 346 1930; x_wconf 89' lang='lat' dir='ltr'>L.</span> <span class='ocrx_word' id='word_1_127' title='bbox 354 1915 363 1945; x_wconf 89' lang='lat'>,</span> <span class='ocrx_word' id='word_1_128' title='bbox 371 1893 412 1944; x_wconf 78' lang='lat' dir='ltr'>rr,</span> <span class='ocrx_word' id='word_1_129' title='bbox 424 1875 460 1930; x_wconf 88' lang='grc'>33</span> <span class='ocrx_word' id='word_1_130' title='bbox 472 1894 479 1929; x_wconf 91' lang='lat'><strong>:</strong></span> <span class='ocrx_word' id='word_1_131' title='bbox 490 1898 502 1924; x_wconf 82' lang='grc' dir='ltr'>ι</span> <span class='ocrx_word' id='word_1_132' title='bbox 514 1873 545 1930; x_wconf 92' lang='lat' dir='ltr'>Si</span> <span class='ocrx_word' id='word_1_133' title='bbox 558 1875 689 1930; x_wconf 85' lang='lat' dir='ltr'>relictum</span> <span class='ocrx_word' id='word_1_134' title='bbox 698 1886 759 1931; x_wconf 87' lang='lat' dir='ltr'>erat</span> <span class='ocrx_word' id='word_1_135' title='bbox 772 1877 802 1931; x_wconf 94' lang='lat' dir='ltr'>in</span> <span class='ocrx_word' id='word_1_136' title='bbox 811 1877 907 1932; x_wconf 86' lang='lat' dir='ltr'>medio</span> <span class='ocrx_word' id='word_1_137' title='bbox 917 1873 979 1953; x_wconf 91' lang='lat' dir='ltr'>(scil</span> <span class='ocrx_word' id='word_1_138' title='bbox 997 1874 1072 1930; x_wconf 91' lang='lat' dir='ltr'>inter</span> <span class='ocrx_word' id='word_1_139' title='bbox 1080 1873 1151 1930; x_wconf 87' lang='lat' dir='ltr'>duas</span> 
     </span>
     <span class='ocr_line' id='line_1_16' title="bbox 104 1955 1150 2042; baseline 0.001 -24"><span class='ocrx_word' id='word_1_140' title='bbox 104 1955 201 2040; x_wconf 83' lang='lat' dir='ltr'>aedes),</span> <span class='ocrx_word' id='word_1_141' title='bbox 228 1975 262 2021; x_wconf 91' lang='lat' dir='ltr'>ut</span> <span class='ocrx_word' id='word_1_142' title='bbox 287 1966 380 2021; x_wconf 88' lang='lat' dir='ltr'>lucem</span> <span class='ocrx_word' id='word_1_143' title='bbox 403 1977 531 2040; x_wconf 86' lang='lat' dir='ltr'>caperet,</span> <span class='ocrx_word' id='word_1_144' title='bbox 552 1967 685 2022; x_wconf 87' lang='lat' dir='ltr'>deorsum</span> <span class='ocrx_word' id='word_1_145' title='bbox 709 1987 769 2042; x_wconf 92' lang='lat' dir='ltr'>quo</span> <span class='ocrx_word' id='word_1_146' title='bbox 796 1967 1150 2042; x_wconf 78' lang='lat' dir='ltr'>impluebat,impluoi1mr</span> 
     </span>
     <span class='ocr_line' id='line_1_17' title="bbox 104 2055 927 2134; baseline 0.001 -24"><span class='ocrx_word' id='word_1_147' title='bbox 104 2055 230 2127; x_wconf 87' lang='lat' dir='ltr'>dictum;</span> <span class='ocrx_word' id='word_1_148' title='bbox 248 2068 276 2112; x_wconf 87' lang='lat' dir='ltr'>et</span> <span class='ocrx_word' id='word_1_149' title='bbox 289 2077 400 2113; x_wconf 86' lang='lat' dir='ltr'>sursum</span> <span class='ocrx_word' id='word_1_150' title='bbox 418 2077 477 2133; x_wconf 86' lang='lat' dir='ltr'>qua</span> <span class='ocrx_word' id='word_1_151' title='bbox 495 2059 692 2132; x_wconf 83' lang='lat' dir='ltr'>compluebat,</span> <span class='ocrx_word' id='word_1_152' title='bbox 706 2061 927 2134; x_wconf 66' lang='lat' dir='ltr'>compluvium.»</span> 
     </span>
    </p>

    <p class='ocr_par' dir='ltr' id='par_1_8' title="bbox 101 2148 1150 2504">
     <span class='ocr_line' id='line_1_18' title="bbox 145 2148 1150 2224; baseline 0.002 -23"><span class='ocrx_word' id='word_1_153' title='bbox 145 2150 275 2204; x_wconf 82' lang='lat' dir='ltr'>AEnaria.</span> <span class='ocrx_word' id='word_1_154' title='bbox 291 2151 384 2206; x_wconf 80' lang='lat' dir='ltr'>Insula</span> <span class='ocrx_word' id='word_1_155' title='bbox 399 2148 574 2223; x_wconf 73' lang='lat' dir='ltr'>Campaniae,</span> <span class='ocrx_word' id='word_1_156' title='bbox 591 2150 704 2207; x_wconf 88' lang='lat' dir='ltr'>Miseno</span> <span class='ocrx_word' id='word_1_157' title='bbox 717 2151 920 2224; x_wconf 88' lang='lat' dir='ltr'>promontorio</span> <span class='ocrx_word' id='word_1_158' title='bbox 939 2151 1067 2223; x_wconf 87' lang='lat' dir='ltr'>objecta,</span> <span class='ocrx_word' id='word_1_159' title='bbox 1086 2167 1150 2223; x_wconf 69' lang='lat' dir='ltr'>qua</span> 
     </span>
     <span class='ocr_line' id='line_1_19' title="bbox 104 2238 1150 2319; baseline 0.006 -25"><span class='ocrx_word' id='word_1_160' title='bbox 104 2238 255 2296; x_wconf 81' lang='lat' dir='ltr'>dicebatur</span> <span class='ocrx_word' id='word_1_161' title='bbox 274 2260 392 2316; x_wconf 89' lang='lat' dir='ltr'>quoque</span> <span class='ocrx_word' id='word_1_162' title='bbox 410 2241 572 2296; x_wconf 80' lang='lat' dir='ltr'>Pithecusa.</span> <span class='ocrx_word' id='word_1_163' title='bbox 593 2242 735 2316; x_wconf 75' lang='lat' dir='ltr'>Appiam,</span> <span class='ocrx_word' id='word_1_164' title='bbox 755 2245 790 2298; x_wconf 90' lang='lat' dir='ltr'>B.</span> <span class='ocrx_word' id='word_1_165' title='bbox 813 2243 859 2310; x_wconf 91' lang='lat' dir='ltr'>C.‚</span> <span class='ocrx_word' id='word_1_166' title='bbox 875 2261 913 2317; x_wconf 62' lang='lat' dir='ltr'>p,</span> <span class='ocrx_word' id='word_1_167' title='bbox 927 2261 981 2313; x_wconf 85' lang='lat'>7¹1</span> <span class='ocrx_word' id='word_1_168' title='bbox 1004 2261 1011 2296; x_wconf 73' lang='grc' dir='ltr'><strong>ε</strong></span> <span class='ocrx_word' id='word_1_169' title='bbox 1030 2241 1150 2319; x_wconf 65' lang='lat' dir='ltr'>,ipseips-</span> 
     </span>
     <span class='ocr_line' id='line_1_20' title="bbox 101 2336 1149 2413; baseline 0.002 -22"><span class='ocrx_word' id='word_1_170' title='bbox 101 2361 139 2399; x_wconf 82' lang='grc' dir='ltr'>νος</span> <span class='ocrx_word' id='word_1_171' title='bbox 160 2336 186 2392; x_wconf 71' lang='lat' dir='ltr'>d‘</span> <span class='ocrx_word' id='word_1_172' title='bbox 210 2344 221 2393; x_wconf 80' lang='grc' dir='ltr'><strong>ὁ</strong></span> <span class='ocrx_word' id='word_1_173' title='bbox 249 2339 330 2396; x_wconf 64' lang='grc' dir='ltr'>Λίθων</span> <span class='ocrx_word' id='word_1_174' title='bbox 351 2346 374 2404; x_wconf 66' lang='grc' dir='ltr'>ἐς</span> <span class='ocrx_word' id='word_1_175' title='bbox 394 2350 466 2399; x_wconf 70' lang='grc' dir='ltr'>νῆσον</span> <span class='ocrx_word' id='word_1_176' title='bbox 486 2342 592 2413; x_wconf 65' lang='grc' dir='ltr'>ὡρμίσθη</span> <span class='ocrx_word' id='word_1_177' title='bbox 612 2343 658 2402; x_wconf 77' lang='grc' dir='ltr'>τὰς</span> <span class='ocrx_word' id='word_1_178' title='bbox 677 2345 860 2407; x_wconf 75' lang='grc' dir='ltr'>Πιθηκούσσας,</span> <span class='ocrx_word' id='word_1_179' title='bbox 877 2345 893 2402; x_wconf 74' lang='grc' dir='ltr'>ἡ</span> <span class='ocrx_word' id='word_1_180' title='bbox 909 2349 948 2396; x_wconf 82' lang='grc' dir='ltr'>νῦν</span> <span class='ocrx_word' id='word_1_181' title='bbox 966 2341 1030 2396; x_wconf 65' lang='grc' dir='ltr'>(στὶν</span> <span class='ocrx_word' id='word_1_182' title='bbox 1045 2343 1149 2412; x_wconf 62' lang='grc' dir='ltr'>Δίνοιρίς</span> 
     </span>
     <span class='ocr_line' id='line_1_21' title="bbox 103 2429 587 2504; baseline 0.006 -23"><span class='ocrx_word' id='word_1_183' title='bbox 103 2430 147 2482; x_wconf 84' lang='lat' dir='ltr'>De</span> <span class='ocrx_word' id='word_1_184' title='bbox 162 2447 195 2484; x_wconf 85' lang='lat' dir='ltr'>re</span> <span class='ocrx_word' id='word_1_185' title='bbox 214 2429 258 2485; x_wconf 85' lang='lat' dir='ltr'>ct.</span> <span class='ocrx_word' id='word_1_186' title='bbox 273 2433 393 2500; x_wconf 70' lang='lat' dir='ltr'>Smin,</span> <span class='ocrx_word' id='word_1_187' title='bbox 409 2449 444 2500; x_wconf 85' lang='lat' dir='ltr'>v,</span> <span class='ocrx_word' id='word_1_188' title='bbox 457 2449 486 2502; x_wconf 93' lang='lat' dir='ltr'>p.</span> <span class='ocrx_word' id='word_1_189' title='bbox 507 2448 587 2504; x_wconf 22' lang='lat'>171..</span> 
     </span>
    </p>

    <p class='ocr_par' dir='ltr' id='par_1_9' title="bbox 99 2519 1150 3145">
     <span class='ocr_line' id='line_1_22' title="bbox 144 2519 1149 2593; baseline -0.002 -19"><span class='ocrx_word' id='word_1_190' title='bbox 144 2520 306 2576; x_wconf 82' lang='lat' dir='ltr'>Nundinns.</span> <span class='ocrx_word' id='word_1_191' title='bbox 326 2521 446 2593; x_wconf 86' lang='lat' dir='ltr'>Quoties</span> <span class='ocrx_word' id='word_1_192' title='bbox 460 2520 489 2574; x_wconf 90' lang='lat' dir='ltr'>in</span> <span class='ocrx_word' id='word_1_193' title='bbox 509 2520 565 2576; x_wconf 81' lang='lat' dir='ltr'>kal.</span> <span class='ocrx_word' id='word_1_194' title='bbox 585 2520 728 2592; x_wconf 77' lang='lat' dir='ltr'>januarias</span> <span class='ocrx_word' id='word_1_195' title='bbox 741 2521 921 2592; x_wconf 87' lang='lat' dir='ltr'>indicebant,</span> <span class='ocrx_word' id='word_1_196' title='bbox 935 2519 1149 2578; x_wconf 84' lang='lat' dir='ltr'>intercalatione</span> 
     </span>
     <span class='ocr_line' id='line_1_23' title="bbox 103 2610 1148 2691; baseline -0.004 -25"><span class='ocrx_word' id='word_1_197' title='bbox 103 2621 185 2666; x_wconf 84' lang='lat' dir='ltr'>extra</span> <span class='ocrx_word' id='word_1_198' title='bbox 216 2612 348 2669; x_wconf 88' lang='lat' dir='ltr'>ordinem</span> <span class='ocrx_word' id='word_1_199' title='bbox 370 2613 461 2684; x_wconf 79' lang='lat' dir='ltr'>facta,</span> <span class='ocrx_word' id='word_1_200' title='bbox 484 2622 655 2691; x_wconf 76' lang='grc' dir='ltr'>συνίμπτωοιν</span> <span class='ocrx_word' id='word_1_201' title='bbox 679 2611 759 2667; x_wconf 88' lang='lat' dir='ltr'>illam</span> <span class='ocrx_word' id='word_1_202' title='bbox 780 2611 931 2686; x_wconf 86' lang='lat' dir='ltr'>pontifices</span> <span class='ocrx_word' id='word_1_203' title='bbox 953 2610 1148 2676; x_wconf 84' lang='lat' dir='ltr'>declinabant,</span> 
     </span>
     <span class='ocr_line' id='line_1_24' title="bbox 102 2701 1150 2784; baseline -0.009 -25"><span class='ocrx_word' id='word_1_204' title='bbox 102 2713 179 2760; x_wconf 84' lang='lat' dir='ltr'>auct.</span> <span class='ocrx_word' id='word_1_205' title='bbox 194 2705 297 2776; x_wconf 76' lang='lat' dir='ltr'>Dion,</span> <span class='ocrx_word' id='word_1_206' title='bbox 316 2724 476 2780; x_wconf 78' lang='lat' dir='ltr'>xnr111,p.</span> <span class='ocrx_word' id='word_1_207' title='bbox 492 2705 566 2776; x_wconf 90' lang='grc'>377,</span> <span class='ocrx_word' id='word_1_208' title='bbox 588 2705 639 2780; x_wconf 87' lang='lat' dir='ltr'>qui</span> <span class='ocrx_word' id='word_1_209' title='bbox 653 2704 755 2760; x_wconf 85' lang='lat' dir='ltr'>addit:</span> <span class='ocrx_word' id='word_1_210' title='bbox 774 2701 867 2784; x_wconf 70' lang='grc' dir='ltr'>αόπιρ</span> <span class='ocrx_word' id='word_1_211' title='bbox 887 2714 936 2765; x_wconf 67' lang='grc' dir='ltr'>ἀπὸ</span> <span class='ocrx_word' id='word_1_212' title='bbox 961 2718 1003 2764; x_wconf 77' lang='lat' dir='ltr'>roo</span> <span class='ocrx_word' id='word_1_213' title='bbox 1023 2711 1089 2762; x_wconf 73' lang='lat' dir='ltr'>nolon</span> <span class='ocrx_word' id='word_1_214' title='bbox 1107 2711 1150 2776; x_wconf 60' lang='grc' dir='ltr'>ἀρ.</span> 
     </span>
     <span class='ocr_line' id='line_1_25' title="bbox 100 2793 1147 2876; baseline -0.012 -19"><span class='ocrx_word' id='word_1_215' title='bbox 100 2805 174 2872; x_wconf 51' lang='lat' dir='ltr'>,etto</span> <span class='ocrx_word' id='word_1_216' title='bbox 190 2801 286 2876; x_wconf 63' lang='grc' dir='ltr'>σφόδρα</span> <span class='ocrx_word' id='word_1_217' title='bbox 301 2805 457 2875; x_wconf 65' lang='grc' dir='ltr'>ἐφυλάσσετο,</span> <span class='ocrx_word' id='word_1_218' title='bbox 471 2797 600 2852; x_wconf 87' lang='lat' dir='ltr'>Macrob.</span> <span class='ocrx_word' id='word_1_219' title='bbox 609 2837 619 2864; x_wconf 90' lang='lat'>,</span> <span class='ocrx_word' id='word_1_220' title='bbox 638 2797 769 2864; x_wconf 69' lang='lat' dir='ltr'>Satura,</span> <span class='ocrx_word' id='word_1_221' title='bbox 791 2816 817 2866; x_wconf 91' lang='lat'>1,</span> <span class='ocrx_word' id='word_1_222' title='bbox 835 2799 870 2854; x_wconf 82' lang='lat'>13</span> <span class='ocrx_word' id='word_1_223' title='bbox 890 2816 897 2851; x_wconf 94' lang='lat'>:</span> <span class='ocrx_word' id='word_1_224' title='bbox 918 2794 1060 2864; x_wconf 73' lang='lat' dir='ltr'>«Quoties</span> <span class='ocrx_word' id='word_1_225' title='bbox 1074 2793 1147 2846; x_wconf 90' lang='lat' dir='ltr'>inci-</span> 
     </span>
     <span class='ocr_line' id='line_1_26' title="bbox 99 2884 1144 2968; baseline -0.003 -26"><span class='ocrx_word' id='word_1_226' title='bbox 99 2887 199 2960; x_wconf 86' lang='lat' dir='ltr'>piente</span> <span class='ocrx_word' id='word_1_227' title='bbox 212 2907 289 2944; x_wconf 83' lang='lat' dir='ltr'>anno</span> <span class='ocrx_word' id='word_1_228' title='bbox 303 2889 363 2946; x_wconf 87' lang='lat' dir='ltr'>dies</span> <span class='ocrx_word' id='word_1_229' title='bbox 376 2889 477 2963; x_wconf 88' lang='lat' dir='ltr'>coepit,</span> <span class='ocrx_word' id='word_1_230' title='bbox 492 2889 544 2964; x_wconf 92' lang='lat' dir='ltr'>qui</span> <span class='ocrx_word' id='word_1_231' title='bbox 557 2889 688 2945; x_wconf 84' lang='lat' dir='ltr'>addictus</span> <span class='ocrx_word' id='word_1_232' title='bbox 702 2899 744 2944; x_wconf 89' lang='lat' dir='ltr'>est</span> <span class='ocrx_word' id='word_1_233' title='bbox 756 2887 906 2958; x_wconf 87' lang='lat' dir='ltr'>nundinis,</span> <span class='ocrx_word' id='word_1_234' title='bbox 923 2886 1015 2942; x_wconf 85' lang='lat' dir='ltr'>omnis</span> <span class='ocrx_word' id='word_1_235' title='bbox 1028 2884 1075 2941; x_wconf 90' lang='lat' dir='ltr'>ille</span> <span class='ocrx_word' id='word_1_236' title='bbox 1092 2903 1144 2968; x_wconf 73' lang='lat' dir='ltr'>an·¹</span> 
     </span>
     <span class='ocr_line' id='line_1_27' title="bbox 100 2973 1147 3054; baseline -0.005 -19"><span class='ocrx_word' id='word_1_237' title='bbox 100 3000 156 3037; x_wconf 86' lang='lat' dir='ltr'>nus</span> <span class='ocrx_word' id='word_1_238' title='bbox 165 2973 295 3038; x_wconf 81' lang='lat' dir='ltr'>infaustis</span> <span class='ocrx_word' id='word_1_239' title='bbox 302 2983 413 3039; x_wconf 83' lang='lat' dir='ltr'>casibus</span> <span class='ocrx_word' id='word_1_240' title='bbox 426 2984 573 3038; x_wconf 87' lang='lat' dir='ltr'>luctuosus</span> <span class='ocrx_word' id='word_1_241' title='bbox 587 2981 653 3051; x_wconf 81' lang='lat' dir='ltr'>iuit3</span> <span class='ocrx_word' id='word_1_242' title='bbox 662 2981 841 3054; x_wconf 85' lang='lat' dir='ltr'>maximeque</span> <span class='ocrx_word' id='word_1_243' title='bbox 850 2979 1009 3054; x_wconf 85' lang='lat' dir='ltr'>Lepidiano</span> <span class='ocrx_word' id='word_1_244' title='bbox 1022 2977 1147 3033; x_wconf 86' lang='lat' dir='ltr'>tumultu</span> 
     </span>
     <span class='ocr_line' id='line_1_28' title="bbox 100 3067 713 3145; baseline -0.002 -19"><span class='ocrx_word' id='word_1_245' title='bbox 100 3072 203 3145; x_wconf 89' lang='lat' dir='ltr'>opinio</span> <span class='ocrx_word' id='word_1_246' title='bbox 217 3074 270 3130; x_wconf 88' lang='lat' dir='ltr'>ista</span> <span class='ocrx_word' id='word_1_247' title='bbox 282 3072 394 3130; x_wconf 83' lang='lat' dir='ltr'>firmata</span> <span class='ocrx_word' id='word_1_248' title='bbox 408 3085 457 3130; x_wconf 88' lang='lat' dir='ltr'>est.</span> <span class='ocrx_word' id='word_1_249' title='bbox 471 3097 486 3125; x_wconf 75' lang='lat' dir='ltr'>n</span> <span class='ocrx_word' id='word_1_250' title='bbox 637 3087 648 3120; x_wconf 76' lang='grc' dir='ltr'>ι</span> <span class='ocrx_word' id='word_1_251' title='bbox 707 3067 713 3077; x_wconf 76' lang='grc'><em>“</em></span> 
     </span>
    </p>

    <p class='ocr_par' dir='ltr' id='par_1_10' title="bbox 99 3163 1146 3428">
     <span class='ocr_line' id='line_1_29' title="bbox 141 3163 1146 3236; baseline -0.007 -14"><span class='ocrx_word' id='word_1_252' title='bbox 141 3167 209 3222; x_wconf 72' lang='lat' dir='ltr'>Cir.</span> <span class='ocrx_word' id='word_1_253' title='bbox 235 3168 337 3224; x_wconf 83' lang='lat' dir='ltr'>XCIII.</span> <span class='ocrx_word' id='word_1_254' title='bbox 359 3169 497 3223; x_wconf 83' lang='lat' dir='ltr'>Im&#39;tiatns.</span> <span class='ocrx_word' id='word_1_255' title='bbox 513 3171 546 3227; x_wconf 85' lang='grc' dir='ltr'>Α,</span> <span class='ocrx_word' id='word_1_256' title='bbox 570 3167 606 3222; x_wconf 91' lang='lat' dir='ltr'>U.</span> <span class='ocrx_word' id='word_1_257' title='bbox 627 3165 698 3236; x_wconf 80' lang='lat'>723,</span> <span class='ocrx_word' id='word_1_258' title='bbox 720 3164 833 3222; x_wconf 81' lang='lat' dir='ltr'>devicto</span> <span class='ocrx_word' id='word_1_259' title='bbox 852 3164 988 3221; x_wconf 81' lang='lat' dir='ltr'>Antonio.</span> <span class='ocrx_word' id='word_1_260' title='bbox 1011 3163 1083 3232; x_wconf 90' lang='lat' dir='ltr'>Dio,</span> <span class='ocrx_word' id='word_1_261' title='bbox 1103 3180 1146 3230; x_wconf 81' lang='lat' dir='ltr'>n,</span> 
     </span>
     <span class='ocr_line' id='line_1_30' title="bbox 99 3258 1144 3338; baseline -0.011 -13"><span class='ocrx_word' id='word_1_262' title='bbox 99 3277 129 3330; x_wconf 82' lang='lat' dir='ltr'>P·</span> <span class='ocrx_word' id='word_1_263' title='bbox 152 3259 210 3325; x_wconf 72' lang='lat'>445</span> <span class='ocrx_word' id='word_1_264' title='bbox 229 3279 235 3313; x_wconf 70' lang='grc' dir='ltr'>ἓ</span> <span class='ocrx_word' id='word_1_265' title='bbox 258 3270 319 3321; x_wconf 68' lang='lat' dir='ltr'>«Ta</span> <span class='ocrx_word' id='word_1_266' title='bbox 342 3289 369 3320; x_wconf 86' lang='grc' dir='ltr'>τι</span> <span class='ocrx_word' id='word_1_267' title='bbox 384 3270 406 3320; x_wconf 77' lang='grc' dir='ltr'>ἰν</span> <span class='ocrx_word' id='word_1_268' title='bbox 426 3276 457 3338; x_wconf 76' lang='grc' dir='ltr'>τῇ</span> <span class='ocrx_word' id='word_1_269' title='bbox 473 3258 567 3322; x_wconf 64' lang='grc' dir='ltr'>Ελλάδι</span> <span class='ocrx_word' id='word_1_270' title='bbox 586 3263 709 3337; x_wconf 68' lang='grc' dir='ltr'>διῴκησε,</span> <span class='ocrx_word' id='word_1_271' title='bbox 728 3265 770 3320; x_wconf 70' lang='lat' dir='ltr'>nni</span> <span class='ocrx_word' id='word_1_272' title='bbox 784 3274 833 3318; x_wconf 79' lang='grc' dir='ltr'>τῶν</span> <span class='ocrx_word' id='word_1_273' title='bbox 849 3268 905 3319; x_wconf 80' lang='grc' dir='ltr'>τοῖν</span> <span class='ocrx_word' id='word_1_274' title='bbox 922 3267 987 3319; x_wconf 76' lang='lat' dir='ltr'>becio</span> <span class='ocrx_word' id='word_1_275' title='bbox 1009 3263 1144 3336; x_wconf 76' lang='grc' dir='ltr'>μυστηρίων</span> 
     </span>
     <span class='ocr_line' id='line_1_31' title="bbox 100 3356 644 3428; baseline -0.007 -18"><span class='ocrx_word' id='word_1_276' title='bbox 100 3356 246 3428; x_wconf 65' lang='lat' dir='ltr'>parneio.</span> <span class='ocrx_word' id='word_1_277' title='bbox 638 3357 644 3374; x_wconf 80' lang='lat'><strong>⁴</strong></span> 
     </span>
    </p>

    <p class='ocr_par' dir='ltr' id='par_1_11' title="bbox 99 3437 1145 3703">
     <span class='ocr_line' id='line_1_32' title="bbox 141 3437 1145 3514; baseline -0.005 -17"><span class='ocrx_word' id='word_1_278' title='bbox 141 3444 209 3498; x_wconf 71' lang='lat' dir='ltr'>Cer.</span> <span class='ocrx_word' id='word_1_279' title='bbox 224 3444 324 3498; x_wconf 84' lang='lat' dir='ltr'>xclv.</span> <span class='ocrx_word' id='word_1_280' title='bbox 349 3445 438 3498; x_wconf 85' lang='lat' dir='ltr'>Tacta</span> <span class='ocrx_word' id='word_1_281' title='bbox 455 3444 491 3496; x_wconf 83' lang='lat' dir='ltr'>de</span> <span class='ocrx_word' id='word_1_282' title='bbox 507 3445 588 3499; x_wconf 84' lang='lat' dir='ltr'>coelo.</span> <span class='ocrx_word' id='word_1_283' title='bbox 606 3445 641 3499; x_wconf 90' lang='grc' dir='ltr'>Η.</span> <span class='ocrx_word' id='word_1_284' title='bbox 660 3462 700 3514; x_wconf 90' lang='lat' dir='ltr'>e.,</span> <span class='ocrx_word' id='word_1_285' title='bbox 716 3442 771 3498; x_wconf 81' lang='lat' dir='ltr'>icta</span> <span class='ocrx_word' id='word_1_286' title='bbox 793 3441 928 3511; x_wconf 80' lang='lat' dir='ltr'>fulmine,</span> <span class='ocrx_word' id='word_1_287' title='bbox 941 3449 975 3495; x_wconf 88' lang='lat' dir='ltr'>ut</span> <span class='ocrx_word' id='word_1_288' title='bbox 995 3440 1025 3494; x_wconf 93' lang='lat' dir='ltr'>in</span> <span class='ocrx_word' id='word_1_289' title='bbox 1038 3437 1145 3508; x_wconf 75' lang='lat' dir='ltr'>Tacit,</span> 
     </span>
     <span class='ocr_line' id='line_1_33' title="bbox 100 3531 1145 3615; baseline -0.005 -25"><span class='ocrx_word' id='word_1_290' title='bbox 100 3538 228 3602; x_wconf 76' lang='lat' dir='ltr'>AnnaL,</span> <span class='ocrx_word' id='word_1_291' title='bbox 258 3531 325 3605; x_wconf 74' lang='lat' dir='ltr'>xri,</span> <span class='ocrx_word' id='word_1_292' title='bbox 350 3553 383 3590; x_wconf 84' lang='grc' dir='ltr'>ιο</span> <span class='ocrx_word' id='word_1_293' title='bbox 407 3557 420 3615; x_wconf 76' lang='grc' dir='ltr'>εΙ</span> <span class='ocrx_word' id='word_1_294' title='bbox 440 3560 451 3584; x_wconf 70' lang='grc' dir='ltr'>ι</span> <span class='ocrx_word' id='word_1_295' title='bbox 474 3537 567 3590; x_wconf 85' lang='lat' dir='ltr'>&#39;Iactae</span> <span class='ocrx_word' id='word_1_296' title='bbox 590 3535 625 3591; x_wconf 90' lang='lat' dir='ltr'>de</span> <span class='ocrx_word' id='word_1_297' title='bbox 654 3537 726 3592; x_wconf 86' lang='lat' dir='ltr'>coelo</span> <span class='ocrx_word' id='word_1_298' title='bbox 746 3531 966 3608; x_wconf 87' lang='lat' dir='ltr'>quatuordecim</span> <span class='ocrx_word' id='word_1_299' title='bbox 985 3531 1074 3588; x_wconf 89' lang='lat' dir='ltr'>Urbis</span> <span class='ocrx_word' id='word_1_300' title='bbox 1097 3549 1145 3586; x_wconf 88' lang='lat' dir='ltr'>re-</span> 
     </span>
     <span class='ocr_line' id='line_1_34' title="bbox 99 3628 259 3703; baseline 0.025 -21"><span class='ocrx_word' id='word_1_301' title='bbox 99 3628 231 3703; x_wconf 77' lang='lat' dir='ltr'>giones.»</span> <span class='ocrx_word' id='word_1_302' title='bbox 257 3679 259 3686; x_wconf 94' lang='lat'>.</span> 
     </span>
    </p>

    <p class='ocr_par' dir='ltr' id='par_1_12' title="bbox 99 3717 1144 3977">
     <span class='ocr_line' id='line_1_35' title="bbox 140 3717 1142 3792; baseline -0.007 -17"><span class='ocrx_word' id='word_1_303' title='bbox 140 3723 191 3775; x_wconf 84' lang='lat' dir='ltr'>Ad</span> <span class='ocrx_word' id='word_1_304' title='bbox 204 3722 322 3776; x_wconf 75' lang='lat' dir='ltr'>exitium</span> <span class='ocrx_word' id='word_1_305' title='bbox 338 3725 389 3776; x_wconf 83' lang='lat' dir='ltr'>sni.</span> <span class='ocrx_word' id='word_1_306' title='bbox 409 3721 486 3792; x_wconf 71' lang='lat' dir='ltr'>Liu,</span> <span class='ocrx_word' id='word_1_307' title='bbox 503 3741 579 3792; x_wconf 87' lang='lat' dir='ltr'>v111,</span> <span class='ocrx_word' id='word_1_308' title='bbox 603 3728 635 3787; x_wconf 73' lang='lat' dir='ltr'>sl,</span> <span class='ocrx_word' id='word_1_309' title='bbox 658 3739 665 3773; x_wconf 79' lang='grc' dir='ltr'><strong><em>ε</em></strong></span> <span class='ocrx_word' id='word_1_310' title='bbox 686 3722 747 3774; x_wconf 69' lang='lat' dir='ltr'>«In</span> <span class='ocrx_word' id='word_1_311' title='bbox 765 3720 927 3776; x_wconf 83' lang='lat' dir='ltr'>Veliternos</span> <span class='ocrx_word' id='word_1_312' title='bbox 951 3717 1025 3773; x_wconf 82' lang='lat' dir='ltr'>cives</span> <span class='ocrx_word' id='word_1_313' title='bbox 1045 3732 1142 3770; x_wconf 89' lang='lat' dir='ltr'>roma-</span> 
     </span>
     <span class='ocr_line' id='line_1_36' title="bbox 99 3804 1144 3887; baseline -0.008 -19"><span class='ocrx_word' id='word_1_314' title='bbox 99 3832 166 3884; x_wconf 88' lang='lat' dir='ltr'>nos,</span> <span class='ocrx_word' id='word_1_315' title='bbox 181 3812 263 3887; x_wconf 92' lang='lat' dir='ltr'>quod</span> <span class='ocrx_word' id='word_1_316' title='bbox 278 3815 361 3870; x_wconf 89' lang='lat' dir='ltr'>toties</span> <span class='ocrx_word' id='word_1_317' title='bbox 371 3814 566 3884; x_wconf 79' lang='lat' dir='ltr'>rebellassent,</span> <span class='ocrx_word' id='word_1_318' title='bbox 580 3811 705 3887; x_wconf 76' lang='lat' dir='ltr'>graviter</span> <span class='ocrx_word' id='word_1_319' title='bbox 719 3812 845 3868; x_wconf 84' lang='lat' dir='ltr'>saevitum</span> <span class='ocrx_word' id='word_1_320' title='bbox 863 3832 870 3866; x_wconf 93' lang='lat'>:</span> <span class='ocrx_word' id='word_1_321' title='bbox 891 3809 1004 3872; x_wconf 87' lang='lat' dir='ltr'>otmari</span> <span class='ocrx_word' id='word_1_322' title='bbox 1025 3804 1144 3880; x_wconf 87' lang='lat' dir='ltr'>dejecti,</span> 
     </span>
     <span class='ocr_line' id='line_1_37' title="bbox 99 3901 1068 3977; baseline -0.002 -20"><span class='ocrx_word' id='word_1_323' title='bbox 99 3915 127 3958; x_wconf 81' lang='lat' dir='ltr'>et</span> <span class='ocrx_word' id='word_1_324' title='bbox 141 3914 257 3961; x_wconf 82' lang='lat' dir='ltr'>senatus</span> <span class='ocrx_word' id='word_1_325' title='bbox 270 3905 337 3960; x_wconf 88' lang='lat' dir='ltr'>inde</span> <span class='ocrx_word' id='word_1_326' title='bbox 355 3905 508 3974; x_wconf 87' lang='lat' dir='ltr'>abductus,</span> <span class='ocrx_word' id='word_1_327' title='bbox 522 3903 650 3977; x_wconf 86' lang='lat' dir='ltr'>jussique</span> <span class='ocrx_word' id='word_1_328' title='bbox 669 3913 746 3959; x_wconf 88' lang='lat' dir='ltr'>trans</span> <span class='ocrx_word' id='word_1_329' title='bbox 763 3904 888 3960; x_wconf 88' lang='lat' dir='ltr'>Tiberim</span> <span class='ocrx_word' id='word_1_330' title='bbox 901 3901 1038 3958; x_wconf 84' lang='lat' dir='ltr'>habitare.</span> <span class='ocrx_word' id='word_1_331' title='bbox 1057 3924 1068 3949; x_wconf 75' lang='grc' dir='ltr'>ν</span> 
     </span>
    </p>

    <p class='ocr_par' dir='ltr' id='par_1_13' title="bbox 137 3997 866 4071">
     <span class='ocr_line' id='line_1_38' title="bbox 137 3997 866 4071; baseline 0.003 -21"><span class='ocrx_word' id='word_1_332' title='bbox 137 3997 231 4052; x_wconf 80' lang='lat' dir='ltr'>Julius</span> <span class='ocrx_word' id='word_1_333' title='bbox 245 3998 407 4052; x_wconf 68' lang='lat' dir='ltr'>Marathus</span> <span class='ocrx_word' id='word_1_334' title='bbox 429 3999 472 4052; x_wconf 88' lang='lat' dir='ltr'>De</span> <span class='ocrx_word' id='word_1_335' title='bbox 487 4017 547 4071; x_wconf 91' lang='lat' dir='ltr'>quo</span> <span class='ocrx_word' id='word_1_336' title='bbox 564 4015 666 4071; x_wconf 82' lang='lat' dir='ltr'>supra,</span> <span class='ocrx_word' id='word_1_337' title='bbox 685 4016 746 4070; x_wconf 83' lang='lat' dir='ltr'>cop.</span> <span class='ocrx_word' id='word_1_338' title='bbox 768 4015 866 4052; x_wconf 78' lang='lat' dir='ltr'>nxxrx.</span> 
     </span>
    </p>

    <p class='ocr_par' dir='ltr' id='par_1_14' title="bbox 99 4081 1142 4255">
     <span class='ocr_line' id='line_1_39' title="bbox 140 4081 1142 4160; baseline -0.007 -17"><span class='ocrx_word' id='word_1_339' title='bbox 140 4089 191 4143; x_wconf 85' lang='lat' dir='ltr'>Ad</span> <span class='ocrx_word' id='word_1_340' title='bbox 208 4089 350 4144; x_wconf 82' lang='lat' dir='ltr'>oemrium.</span> <span class='ocrx_word' id='word_1_341' title='bbox 366 4089 456 4160; x_wconf 89' lang='lat' dir='ltr'>Quod</span> <span class='ocrx_word' id='word_1_342' title='bbox 474 4099 534 4144; x_wconf 90' lang='lat' dir='ltr'>erat</span> <span class='ocrx_word' id='word_1_343' title='bbox 557 4088 585 4143; x_wconf 95' lang='lat' dir='ltr'>in</span> <span class='ocrx_word' id='word_1_344' title='bbox 604 4087 663 4142; x_wconf 82' lang='lat' dir='ltr'>aede</span> <span class='ocrx_word' id='word_1_345' title='bbox 682 4088 798 4144; x_wconf 89' lang='lat' dir='ltr'>Saturni</span> <span class='ocrx_word' id='word_1_346' title='bbox 818 4110 824 4142; x_wconf 94' lang='lat'><strong>:</strong></span> <span class='ocrx_word' id='word_1_347' title='bbox 844 4087 950 4142; x_wconf 80' lang='lat' dir='ltr'>nullam</span> <span class='ocrx_word' id='word_1_348' title='bbox 971 4095 1066 4140; x_wconf 87' lang='lat' dir='ltr'>autem</span> <span class='ocrx_word' id='word_1_349' title='bbox 1087 4081 1142 4136; x_wconf 83' lang='lat' dir='ltr'>vim</span> 
     </span>
     <span class='ocr_line' id='line_1_40' title="bbox 99 4179 700 4255; baseline 0.003 -23"><span class='ocrx_word' id='word_1_350' title='bbox 99 4179 259 4250; x_wconf 80' lang='lat' dir='ltr'>habebant,</span> <span class='ocrx_word' id='word_1_351' title='bbox 273 4191 424 4255; x_wconf 85' lang='lat' dir='ltr'>antequam</span> <span class='ocrx_word' id='word_1_352' title='bbox 440 4200 474 4236; x_wconf 90' lang='lat' dir='ltr'>eo</span> <span class='ocrx_word' id='word_1_353' title='bbox 491 4181 584 4236; x_wconf 84' lang='lat' dir='ltr'>delata</span> <span class='ocrx_word' id='word_1_354' title='bbox 601 4189 700 4235; x_wconf 88' lang='lat' dir='ltr'>essent.</span> 
     </span>
    </p>
   </div>
   <div class='ocr_carea' id='block_1_3' title="bbox 0 0 1586 5442">
    <p class='ocr_par' dir='ltr' id='par_1_15' title="bbox 0 0 1586 5442">
     <span class='ocr_line' id='line_1_41' title="bbox 0 0 1586 5442; baseline 0 3"><span class='ocrx_word' id='word_1_355' title='bbox 0 0 1586 5442; x_wconf 95' lang='lat' dir='ltr'> </span> 
     </span>
    </p>
   </div>
  </div>
 </body>
</html>
