3114 5446
465 509 519 563 aaa
614 509 617 518 ’
863 493 892 546 C.
911 492 1084 560 sunbona

465 641 638 690 numerum
657 631 782 702 essent,
799 616 832 682 in
849 613 999 684 solatium
1016 613 1178 685 dilationis
1194 639 1232 682 ac
1244 639 1363 701 morae,
1382 613 1476 709 legio·

463 740 558 806 nibus
575 737 761 829 praeposuit.
776 732 989 802 Consulatum
1001 735 1034 800 in
1049 757 1142 802 senos
1151 732 1343 826 plerumque
1352 757 1475 802 menses
1516 807 1521 820 ,

462 855 559 923 dedit.
569 854 798 945 Destructoque
813 853 898 920 circa
909 851 1059 920 kalendas
1072 853 1238 944 januarias
1249 849 1353 922 altero
1369 876 1389 920 e
1402 876 1476 920 con·

462 971 607 1056 sulibus,
628 973 791 1040 neminem
810 971 998 1054 substituit;
1016 971 1204 1066 improbans
1224 969 1411 1064 exemplum
1430 997 1475 1038 ve·

462 1107 514 1158 tus
532 1091 660 1158 Caninii
676 1088 799 1176 Rebili,
820 1113 888 1158 uno
903 1089 956 1157 dic
973 1087 1124 1158 consulis.
1138 1075 1363 1182 Triumphalia
1382 1113 1476 1157 orna·

460 1222 569 1276 menta
590 1209 688 1276 etiam
709 1209 888 1299 questoriae
904 1206 1073 1301 dignitatis
1088 1222 1121 1274 et
1141 1199 1313 1302 nonnullis
1324 1231 1365 1274 ex
1381 1231 1476 1299 eque·

460 1327 519 1394 stri
537 1325 651 1393 ordine
668 1325 801 1408 tribuit,
816 1349 875 1394 nec
888 1327 1000 1417 utique
1018 1325 1058 1392 de
1074 1347 1170 1394 causa
1188 1323 1329 1392 militari.
1344 1327 1395 1393 De
1410 1326 1478 1416 qni·

460 1443 597 1512 busdam
626 1443 722 1512 rebus
742 1445 905 1512 orationes
923 1441 965 1512 ad
989 1458 1136 1511 senatum
1160 1445 1291 1529 missas,
1312 1445 1476 1534 preterito

458 1563 625 1652 questoris
646 1560 775 1642 officio,
802 1583 862 1653 per
881 1560 1047 1630 consulem
1075 1559 1266 1651 plerumque
1284 1561 1452 1630 recitabat.

505 1682 596 1747 XVI.
614 1681 766 1748 Formam
782 1679 992 1746 aedificiorum
1005 1677 1104 1746 Urbis
1123 1701 1242 1744 novam
1261 1680 1475 1770 excogitavit,

458 1813 491 1865 ct
508 1812 637 1866 utente
655 1795 776 1866 insulas
792 1819 830 1864 ac
846 1795 959 1864 domos
979 1796 1124 1888 porticus
1142 1809 1262 1881 essent,
1279 1795 1319 1862 de
1336 1820 1475 1886 quarum

457 1913 582 1982 solariis
591 1915 739 1984 incendia
748 1929 937 1982 arcerentur
949 1939 957 1980 t
970 1937 1087 2006 easque
1102 1927 1211 1981 sumtu
1227 1937 1287 1982 suo
1305 1917 1475 1982 exstmxit.

462 2033 649 2101 Destinarat
668 2035 766 2100 etiam
784 2033 877 2100 Ostia
902 2047 995 2099 tenus
1012 2033 1129 2100 moenia
1150 2055 1361 2126 promovere,
1379 2048 1478 2126 atque

459 2149 534 2216 inde
554 2149 639 2218 fossa
662 2173 751 2217 mare
773 2151 872 2216 veteri
893 2149 977 2217 Urbi
999 2149 1161 2218 inducere.
1184 2148 1290 2218 Multa
1308 2150 1370 2218 sub
1388 2175 1429 2220 eo
1444 2169 1477 2218 et

456 2267 680 2336 animadversa
701 2291 827 2353 severe,
854 2283 887 2336 et
914 2269 1070 2355 coercita,
1101 2293 1161 2337 nec
1184 2270 1292 2338 minus
1316 2271 1476 2348 instituta.
1521 2305 1524 2310 ·

461 2385 632 2455 Adhibitus
647 2388 807 2454 sumtibus
825 2386 941 2454 modus
958 2413 965 2453 :
983 2386 1119 2480 publicae
1138 2411 1235 2455 coenae
1254 2387 1295 2454 ad
1313 2387 1478 2481 sportulas

456 2503 593 2572 redactae
612 2530 620 2572 :
642 2503 872 2594 interdictum,
890 2528 932 2572 ne
953 2503 1031 2596 quid
1050 2505 1083 2572 in
1101 2505 1230 2598 popinis
1250 2507 1334 2574 cocti
1360 2521 1479 2597 praeter

455 2620 618 2715 legumina
643 2637 700 2691 aut
723 2621 809 2692 olera
837 2624 981 2710 veniret,
1005 2647 1107 2716 quum
1134 2637 1229 2692 antea
1253 2621 1379 2692 nullum
1407 2649 1479 2694 non

455 2742 582 2833 opsonii
597 2765 699 2834 genus
714 2755 970 2834 proponeretur:
982 2741 1093 2810 afflicti
1105 2741 1271 2835 suppliciis
1287 2743 1480 2824 christiani,

456 2882 560 2952 genus
577 2859 748 2927 hominum
766 2861 1005 2952 superstitionis
1024 2884 1116 2928 noves
1135 2885 1173 2929 ac
1197 2858 1368 2946 natatem
1382 2865 1481 2930 vetiti
1526 2905 1531 2914 ·

454 2976 737 3069 quadrigariorum
751 2975 860 3064 lusus,
879 2978 997 3069 quibus
1011 2980 1188 3048 inveterata
1205 2977 1334 3048 licentia
1353 2982 1483 3072 passim

454 3095 667 3186 vagantibus,
687 3093 798 3164 fallere
816 3119 854 3164 ac
871 3095 972 3164 furari
986 3121 1046 3189 per
1060 3098 1171 3190 jocum
1187 3099 1241 3191 jus
1257 3111 1346 3166 erat:
1362 3113 1485 3190 panto-

454 3211 628 3280 mimorum
644 3213 799 3281 factiones
813 3237 888 3282 cum
907 3215 983 3306 ipsis
1000 3215 1097 3284 simul
1112 3214 1272 3310 relegatas.

502 3331 608 3398 xvn.
626 3329 790 3400 Adversus
805 3329 950 3400 falsarios
972 3347 1050 3402 tuno
1065 3335 1207 3426 primum
1228 3349 1419 3428 repertum,
1442 3361 1487 3404 ne

453 3449 590 3536 tabule,
608 3451 670 3518 nisi
690 3464 847 3544 pertusae,
862 3476 901 3520 ac
918 3467 968 3521 ter
984 3451 1052 3522 lino
1067 3477 1125 3546 per
1143 3453 1301 3524 foramina
1320 3457 1489 3548 trajecto,

453 3569 712 3663 obsignarentur.
732 3573 894 3658 Cautum,
914 3587 951 3641 ut
974 3573 1008 3640 in
1033 3574 1233 3642 testamentis
1260 3576 1373 3667 primas
1406 3576 1491 3646 duae

452 3711 550 3773 eerae,
571 3702 759 3758 testatorum
776 3689 875 3758 modo
896 3693 1028 3760 nomine
1046 3693 1219 3785 inscripto,
1239 3717 1349 3762 vacuae
1365 3695 1492 3789 signa-

451 3809 534 3875 turis
548 3807 816 3895 ostenderentur3
835 3833 872 3877 ac
889 3833 930 3876 ne
942 3811 1014 3902 quis
1025 3808 1124 3878 alieni
1135 3812 1317 3882 testamenti
1333 3815 1494 3909 scriptor

453 3923 592 4018 legatum
607 3926 667 3994 sibi
686 3928 875 4010 ascriberem
887 3929 984 4015 item,
1003 3943 1038 3996 ut
1059 3927 1238 4023 litigatores
1255 3953 1316 4022 pro
1333 3935 1495 4022 patroci-

454 4045 514 4111 niis
532 4059 652 4114 certam
669 4045 854 4136 justamque
871 4046 1074 4132 mercedem,
1095 4071 1156 4140 pro
1171 4045 1332 4116 subselliis
1348 4048 1496 4120 nuttam
