3138 5438
453 550 482 602 C.
507 549 636 606 JULIUS
657 555 791 609 CAESAR.
1121 557 1137 612 ⁵

125 689 185 742 tum
208 673 383 759 diceretur,
409 677 654 768 constitutaque
682 677 723 745 ad
751 677 924 747 arbitrium
955 679 1141 772 republica,

127 793 209 862 Sulla
225 807 254 860 et
274 794 439 860 Autronio
456 792 645 863 consulatus
661 798 897 866 restitueretur.
916 800 1142 868 Meminerunt

126 915 208 1005 bujus
242 912 479 1003 conjurationis
512 917 676 982 Tanusius
710 917 871 1008 Geminus
907 918 942 984 in
977 919 1141 1006 Historia,

123 1035 160 1099 Μ.
180 1030 312 1100 bibulus
337 1033 371 1098 in
394 1031 536 1119 Edictis,
564 1037 601 1102 C.
624 1035 727 1104 Curio
749 1051 843 1130 pater
862 1037 895 1102 in
914 1037 1138 1106 Orationibus.

122 1156 164 1218 De
189 1151 247 1218 bac
277 1151 464 1243 significare
495 1151 625 1220 videtur
654 1167 698 1240 et,
718 1155 835 1222 Cicero
863 1156 897 1221 in
927 1155 1072 1246 quadam
1099 1158 1141 1225 ad

120 1271 222 1338 Axium
248 1268 409 1362 epistola,
431 1270 594 1357 reserens,
621 1273 787 1342 Caesarem
810 1277 843 1340 iu
866 1273 1040 1343 consulatu
1060 1299 1138 1344 cou-

112 1393 253 1474 finnasse
285 1412 443 1481 regnum,
473 1389 516 1458 de
542 1415 608 1484 quo
637 1391 748 1460 oditis
777 1394 950 1484 cogr'tarut.
977 1395 1140 1462 Tanusius

119 1505 228 1598 adjicit,
245 1510 419 1594 Crassum,
437 1509 629 1600 poenitentia
646 1507 697 1576 vel
716 1524 826 1596 metu,
843 1510 929 1578 diem
946 1511 1025 1578 cardi
1042 1511 1141 1580 desti·

118 1639 215 1693 natum
236 1651 307 1694 uon
333 1627 470 1714 obiisse,
493 1643 526 1694 et
551 1627 673 1696 idcirco
696 1653 737 1696 ne
760 1631 921 1698 Caesarem
943 1629 1077 1721 quidem
1098 1633 1140 1698 si·

117 1770 217 1837 guum,
235 1746 330 1840 quod
348 1747 388 1814 ab
406 1772 446 1814 eo
463 1747 532 1815 dari
543 1763 765 1836 convenerat,
783 1746 919 1816 dedisse.
939 1750 1139 1818 Convenisse

116 1879 211 1932 autem
231 1865 341 1934 Curio
359 1867 423 1952 ait,
445 1881 481 1934 ut
502 1881 612 1959 togam
637 1866 678 1934 de
700 1868 839 1936 humero
860 1867 1025 1960 dejiceret.
1047 1869 1140 1936 Idem

115 1985 222 2070 Curio,
238 1984 301 2052 sed
318 1997 351 2052 et
367 1988 415 2054 M.
434 1987 588 2063 Actorius
606 1989 714 2074 Naso,
733 2001 885 2055 auctores
900 2001 994 2075 sunt,
1013 1989 1141 2080 conspi-

114 2128 189 2172 rasse
204 2131 283 2174 eum
297 2081 403 2173 'etiam
426 2131 501 2174 cum
525 2108 588 2174 Cn.
613 2107 733 2175 Pisone
753 2105 960 2176 adolescente
980 2131 987 2174 :
1005 2107 1078 2194 cui,
1097 2107 1140 2174 ob

113 2226 325 2317 suspicionem
350 2226 483 2294 urbanae
505 2227 764 2318 conjurationis,
788 2226 959 2319 provincia
983 2227 1141 2318 Hispania

114 2340 190 2411 ultro
204 2359 304 2412 extra
323 2344 474 2412 ordinem
492 2344 568 2412 data
585 2347 644 2430 sit;
661 2333 875 2437 pactumque,
893 2361 930 2414 ut
947 2343 1044 2414 simul
1062 2343 1141 2412 foris

112 2460 175 2550 ille,
193 2465 264 2556 ipse
289 2469 424 2547 Roma,
444 2463 486 2530 ad
505 2489 555 2532 res
578 2488 680 2536 novas
706 2479 964 2558 consurgerent,
983 2489 1044 2556 per
1063 2467 1142 2533 Am·

110 2581 218 2652 brocas
230 2597 264 2651 et
277 2582 533 2676 Transpadanos
548 2609 555 2650 :
571 2583 764 2652 destitutum
779 2584 951 2675 utriusque
965 2581 1139 2652 consilium

112 2716 204 2770 morte
220 2704 366 2772 Pisonis.

135 2826 186 2892 Χ.
213 2821 357 2908 AEdilis,
377 2837 495 2916 praeter
511 2826 681 2892 comitium
700 2849 738 2892 ac
759 2824 888 2908 forum,
906 2823 1140 2915 basilicasque,

109 2945 195 3012 etiam
212 2943 424 3038 Capitolium
439 2947 585 3031 ornavit,
599 2946 778 3037 porticibus
792 2944 836 3012 ad
851 2957 979 3038 tempus
996 2957 1141 3014 exstruc-

108 3065 158 3150 tis,
175 3066 209 3132 iu
227 3064 375 3158 quibus,
397 3063 585 3132 abundante
604 3089 714 3132 rerum
733 3067 849 3157 copia,
867 3089 943 3157 pars
962 3079 1140 3159 apparatus

107 3199 335 3277 exponeretur.
363 3185 563 3252 Venationes
591 3198 701 3251 autem
729 3183 890 3276 ludosque
915 3199 949 3252 et
975 3207 1052 3252 cum
1074 3183 1141 3252 col·

106 3300 187 3398 lega,
204 3318 238 3372 et
256 3305 462 3395 separatim,
481 3301 584 3370 edidit
602 3328 610 3370 τ
629 3327 696 3395 quo
713 3303 836 3371 factum
853 3317 921 3390 est,
940 3318 976 3370 ut
993 3327 1142 3371 commu-

105 3425 185 3491 nium
211 3447 355 3516 qnoque
383 3423 605 3514 impensarum
628 3421 715 3494 solus
741 3424 880 3515 gratiam
908 3434 1057 3513 caperet3
1080 3445 1140 3490 nec

103 3539 324 3610 dissimularet
341 3539 465 3634 collega
481 3543 551 3634 ejus
567 3544 615 3610 M.
635 3539 787 3626 Bibulus,
808 3541 954 3608 evenisse
973 3538 1034 3605 sibi
1051 3538 1141 3628 quod

105 3659 233 3730 Polluci.
260 3665 310 3730 Ut
331 3660 420 3728 enim
442 3660 579 3752 geminis
599 3659 756 3728 fratribus
774 3659 857 3726 aedes
874 3659 909 3724 in
930 3657 1001 3725 foro
1019 3656 1141 3724 consti·
1257 3733 1261 3744 ,

103 3794 185 3866 tuta,
208 3795 347 3850 tantum
372 3780 517 3849 Castoris
539 3793 734 3864 vocaretur,
757 3779 801 3846 ita
824 3801 916 3844 suam
939 3775 1141 3864 Caesarisque

103 3900 386 3985 munificentiam,
405 3899 501 3966 unius
519 3898 654 3966 Caesaris
674 3896 749 3965 dici.
769 3897 898 3988 Adjecit
916 3895 1051 3985 insuper
1070 3894 1140 3960 Cae-

101 4041 148 4082 sar
169 4021 273 4086 etiam
299 3993 533 4110 gladiatorium
552 4041 693 4102 munus,
715 4015 772 4084 sed
791 4014 960 4106 aliquanto
979 4011 1141 4103 pauciori·

99 4135 170 4224 bus,
189 4163 299 4231 quarn
318 4138 556 4224 destinaverat,
575 4136 720 4229 paribus.
739 4138 826 4204 Nam
843 4155 946 4224 quum
965 4127 1140 4222 multiplici
