3108 5434
529 521 713 583 muamus.
1078 543 1129 583 rat

96 667 112 709 a
138 641 278 712 nutricis
300 645 425 735 ubere,
448 647 590 735 iterum,
617 672 719 740 quum
742 673 762 715 a
786 648 860 716 sinu
879 648 993 715 matris
1015 652 1134 744 raptim

96 761 281 830 auferretur
303 763 347 832 ab
369 765 428 854 iis,
448 767 506 859 qui
528 791 590 860 pro
611 767 804 835 necessitate
823 767 982 861 temporis
999 765 1134 836 mulier·

96 879 185 951 cules
203 882 314 954 levare
331 909 432 956 onere
452 887 631 956 tentabant.
647 889 711 956 Per
722 885 867 956 Siciliam
881 912 1013 982 quoquc
1029 901 1063 956 ct
1075 909 1136 984 per

98 1002 255 1071 Achaiam
272 1003 540 1095 circumductus,
559 1031 598 1076 ac
610 985 867 1077 Iacedamoniis
882 1005 1031 1102 publice,
1044 1007 1135 1100 quod

97 1124 127 1189 in
140 1121 249 1192 tutela
260 1121 479 1194 Claudiorum
491 1141 602 1216 erant,
615 1126 849 1214 demandatus,
862 1125 1047 1222 digrediens
1059 1126 1136 1195 inde

98 1243 212 1312 itinere
236 1259 424 1332 nocturno,
445 1245 619 1316 discrimen
638 1247 714 1315 vitae
733 1246 830 1332 adiit,
849 1246 982 1316 ilamrna
1001 1260 1136 1340 repente

96 1387 112 1430 a
129 1361 224 1455 silvis
242 1363 392 1457 undique
406 1381 534 1455 exorta,
551 1366 699 1461 adeoque
716 1391 849 1435 omnem
865 1367 1058 1436 comitatum
1073 1366 1136 1434 eir·-

96 1481 290 1576 cumplexa,
308 1499 347 1553 ut
363 1487 464 1555 Liviae
481 1509 558 1581 pars
575 1488 675 1556 vestis
691 1501 724 1554 et
738 1485 849 1581 capilli
867 1487 1131 1554 amburerentur.

96 1604 259 1691 Munera,
282 1605 403 1697 quibus
426 1631 445 1674 a
467 1608 646 1699 Pompeia,
667 1609 756 1678 Sext.
779 1607 928 1700 Pompeii
951 1629 1081 1692 sorore,
1101 1605 1135 1672 in

97 1719 204 1790 Sicilia
217 1721 365 1792 donatus
376 1739 441 1812 est,
451 1721 598 1818 chlamys
616 1739 649 1794 et
665 1723 783 1814 fibula,
804 1726 884 1794 item
897 1723 997 1793 bullae
1012 1747 1135 1812 aureae,

98 1839 234 1930 durant,
262 1843 551 1938 ostendunturque
574 1843 686 1913 adhuc
712 1845 810 1914 Baiis.
833 1849 914 1914 Post
938 1843 1082 1913 reditum
1102 1846 1137 1912 in

97 1961 219 2030 Urbrun
240 1985 261 2030 a
277 1964 326 2031 M.
348 1961 459 2033 Gallio
475 1977 627 2032 senatore
646 1977 842 2034 testamento
865 1964 1061 2058 adoptatus,
1080 1964 1138 2034 he-

97 2080 234 2150 reditate
253 2081 360 2169 adita,
377 2107 454 2151 moa
468 2085 602 2152 nomine
620 2083 801 2171 abstinuit3
819 2084 912 2179 quod
931 2083 1061 2154 Gallius
1078 2083 1138 2154 ad·

99 2225 266 2272 rersarurn
290 2205 442 2298 Augusto
463 2205 610 2299 partium
630 2204 748 2275 fuerat.
770 2209 901 2278 Novem
921 2221 1017 2277 natus
1033 2231 1139 2275 annos

98 2320 291 2392 destructum
310 2338 439 2417 patrem
459 2348 521 2418 pro
540 2327 671 2394 Rostris
693 2325 852 2396 laudavit.
871 2327 1002 2399 Dehinc
1018 2325 1139 2422 pubes-

97 2466 168 2512 cens
193 2443 336 2514 Aetiaco
364 2444 534 2539 triumpho
559 2470 696 2514 currum
714 2447 855 2541 Augusti
875 2447 1051 2516 comitatus
1071 2461 1139 2534 est,

97 2563 300 2634 sinisteriore
317 2561 424 2634 funali
443 2591 546 2660 equo,
566 2591 671 2660 quum
688 2565 868 2636 Marcellus
885 2567 1032 2636 Octaviae
1053 2565 1140 2635 filius

97 2681 282 2755 dexteriore
301 2685 489 2755 veheretur.
507 2686 665 2756 Praesedit
682 2699 714 2754 et
728 2687 870 2756 Actiacis
888 2683 995 2772 ludis,
1012 2699 1045 2753 et
1059 2689 1141 2754 Tro·

93 2803 177 2895 janis
195 2807 421 2902 circensibus,
440 2805 560 2878 ductor
577 2821 696 2876 turmas
717 2830 900 2901 puerorum
919 2805 1095 2900 majorum.

137 2928 214 2996 VII.
233 2923 336 2997 Virili
361 2941 439 3023 toga
462 2941 590 3016 sumta,
613 2924 866 2996 adolescentiam
889 2951 1042 3012 omnem,
1062 2950 1141 3019 spa·

95 3047 247 3141 tiumque
266 3047 472 3140 insequentis
489 3049 594 3116 aetatis
613 3071 718 3140 usque
739 3045 782 3114 ad
801 3045 1007 3140 principatus
1028 3045 1141 3132 initia,

96 3191 155 3260 per
173 3169 246 3238 haec
269 3166 339 3238 fere
359 3169 543 3262 transegit:
560 3169 686 3240 Munus
708 3164 943 3262 gladiatorium
962 3166 999 3234 in
1016 3189 1142 3234 memo·

95 3287 177 3356 riam
190 3289 319 3383 patris,
333 3301 368 3357 et
378 3285 522 3358 alterum
538 3288 640 3360 inari
655 3289 777 3372 Drusi,
795 3285 900 3374 dedit,
914 3285 1051 3354 diversis
1062 3301 1144 3355 tern-

95 3408 233 3500 poribus
260 3431 300 3477 ac
325 3405 406 3478 loeis
425 3433 433 3476 :
454 3409 601 3504 primum
620 3407 655 3474 in
676 3410 781 3493 Foro,
800 3401 986 3474 secundum
1007 3405 1041 3474 in
1063 3409 1142 3476 Am·

93 3524 309 3620 phitheatr03
322 3525 478 3598 rudiariis
487 3551 622 3620 quoque
633 3523 830 3620 quibusdam
843 3526 1017 3612 revocatis,
1031 3537 1144 3593 aucto-

93 3663 247 3718 ramento
266 3661 446 3718 centenum
461 3644 613 3716 millium.
634 3644 738 3715 Dedit
755 3659 790 3714 et
805 3643 919 3733 ludos,
935 3642 993 3714 sed
1005 3643 1143 3726 absens;

91 3783 216 3836 cuncta
240 3766 439 3864 magnifice,
468 3767 618 3862 impensa
644 3765 761 3833 matris
786 3789 824 3833 ac
844 3765 964 3834 vitrici.
988 3764 1143 3859 Agrippi·

91 3911 195 3973 nam,
207 3890 259 3956 M.
274 3888 423 3987 Agrippa
435 3886 599 3981 genitam,
612 3877 745 3980 neptem
760 3883 885 3956 cecilii
897 3884 999 3954 Attici
1012 3883 1144 3976 Equitis

90 4007 265 4092 Romani,
287 4005 329 4074 ad
355 4030 457 4100 quem
476 4019 555 4074 sunt
573 4005 744 4074 Ciceronis
764 4001 929 4097 epistolae,
947 4002 1044 4071 duxit
1063 4026 1144 4070 uxo·

92 4149 167 4194 rem
185 4152 193 4193 ι
209 4124 406 4220 sublatoque
419 4149 459 4194 ex
476 4150 514 4194 ea
528 4123 597 4193 lilio
613 4127 739 4210 Druso,
755 4147 956 4217 quamquam
970 4123 1053 4191 bene
1067 4146 1144 4190 con·
