3208 5430
423 513 480 583 276
883 509 995 564 NOTAE

464 629 619 684 Flumineo.
635 625 749 680 Pennus
772 633 833 678 erut
853 640 914 698 quo
936 631 1033 694 nuptae
1050 621 1147 674 vultus
1165 617 1320 692 tegebatur.
1339 615 1460 672 Festus:

422 745 434 769 ιι
451 721 596 775 flammeo
610 715 742 773 amicitur
755 716 885 782 nubens,
903 712 1007 768 ominis
1021 711 1091 767 boni
1113 727 1213 779 causa,
1232 707 1311 781 quod
1332 725 1368 762 eo
1388 708 1460 761 assi-

422 810 480 867 due
496 811 631 866 utebatur
642 809 815 880 flaturinica,
830 806 849 860 i.
868 825 892 862 e.
903 805 1036 878 staminis
1054 822 1138 872 uxor,
1152 803 1199 856 cui
1218 821 1278 857 non
1291 801 1396 856 licebat
1415 800 1460 855 l’a-

423 921 486 958 cere
505 901 668 958 divortium.
685 925 697 950 ι

466 993 626 1050 Conventus.
649 993 719 1048 Vide
738 993 810 1047 cns.
818 1032 827 1059 ,
842 1011 894 1046 vu.

465 1086 620 1160 Sigillaria.
639 1084 712 1139 Vide
729 1083 848 1146 Claud,
863 1101 921 1136 xrr.

460 1180 526 1232 Cur.
546 1177 654 1232 XXIX.
680 1174 875 1246 conficeretur.
889 1204 928 1215 --
944 1174 1052 1246 Confici
1068 1173 1174 1230 dicitur
1188 1174 1280 1242 Nero,
1303 1181 1336 1228 nt
1355 1173 1462 1238 bestia,

423 1285 508 1341 quarn
522 1266 679 1322 simulabat.
694 1266 752 1320 Sed
765 1266 886 1320 honesto
900 1284 954 1320 usu
964 1265 1154 1338 turpissimam
1166 1282 1227 1319 rem
1242 1264 1360 1319 Sueton.
1374 1263 1462 1319 obte-

422 1357 472 1432 gir.
486 1358 560 1414 Vide
575 1361 699 1427 Prrrsn,
713 1357 750 1412 ad
768 1357 797 1410 h.
813 1357 831 1412 l.

408 1519 414 1536 ,
461 1465 526 1520 Cse.
542 1466 640 1522 XXX.
659 1467 813 1538 Deparcos.
828 1463 863 1518 li.
878 1481 901 1517 e.
916 1461 1068 1518 immodice
1082 1480 1191 1535 parcos.

462 1556 627 1630 Largiendi.
648 1555 755 1624 Tacit,
773 1555 861 1620 Hira,
878 1571 908 1624 ι,
927 1571 964 1608 no
986 1553 1076 1609 :illis
1089 1564 1117 1609 et
1132 1553 1217 1609 vicies
1231 1552 1334 1608 millies
1355 1562 1462 1608 sester-

421 1646 492 1701 tium
506 1645 711 1702 donationibus
725 1648 803 1702 Nero
820 1645 969 1700 effuderat.
989 1669 1001 1696 υ

461 1740 497 1792 In
516 1739 667 1794 Tiridaten.
685 1739 757 1794 Vide
768 1755 870 1811 supra,
892 1755 959 1790 xur.

464 1829 651 1888 canusinatis.
678 1832 711 1887 ll.
728 1850 752 1887 e.
773 1829 880 1885 indutis
900 1827 1026 1884 vestibus
1047 1829 1112 1884 lans
1134 1828 1269 1884 canusina
1283 1827 1380 1896 laetis,
1399 1847 1462 1901 qnae

423 1921 478 1977 init
491 1921 682 1992 nobilissima,
702 1933 772 1979 teste
787 1922 893 1991 Plinio,
909 1923 943 1974 H.
961 1923 1017 1988 lli,
1037 1939 1112 1990 usn,
1131 1921 1176 1986 48.

463 2015 625 2071 Mazacum.
648 2015 825 2072 Mauritaniae
846 2015 973 2088 populus
992 2031 1000 2068 s
1019 2014 1097 2088 Step.
1116 2015 1182 2086 Ityn.
1205 2022 1314 2084 Μᾶῑυις,
1330 2020 1352 2072 el
1372 2017 1463 2079 Artior

423 2109 546 2183 Νομάδα.
558 2106 670 2162 lini-um
685 2096 753 2179 eipni
771 2104 965 2172 celeberrimi,
984 2105 1097 2159 Nemes.
1114 2104 1242 2178 Cyneg.:

528 2280 655 2344 Quemque
668 2277 786 2328 coloretur
801 2282 893 2327 uaeas
907 2275 999 2327 deserta
1015 2293 1058 2343 per
1072 2292 1128 2327 am

527 2360 607 2421 l’svit,
622 2370 646 2410 et
661 2361 765 2412 assiduos
779 2360 861 2411 docuit
876 2361 978 2412 tolerem
992 2359 1092 2410 lnbores.

464 2527 529 2582 cn.
544 2528 648 2582 XXXI.
665 2531 798 2585 Auream.
815 2526 858 2583 Cl.
877 2529 976 2598 Prin,
996 2527 1031 2580 H.
1050 2525 1105 2592 N„
1124 2543 1231 2594 xxxva,
1248 2523 1293 2582 ιδ.

464 2632 579 2708 Effigie.
595 2633 682 2702 Plin,
697 2635 734 2689 H.
751 2635 808 2698 nt,
825 2651 924 2702 xxxiv,
947 2649 962 2702 7
982 2629 1377 2718 :eZenodorns....vlloutsm
1389 2629 1462 2688 neti·

422 2734 468 2780 tus
488 2733 529 2778 est
544 2743 560 2780 a
574 2726 705 2796 Nerone,
719 2724 771 2780 ubi
789 2723 959 2780 destinatum
972 2721 1049 2778 illius
1061 2721 1198 2796 principis
1214 2721 1397 2778 simulacrum
1410 2741 1460 2778 eo·

422 2817 526 2870 lossinn
540 2815 615 2871 lecit.
630 2840 642 2866 ι

464 2919 592 2973 Habe-ret.
614 2921 685 2976 Tres
702 2919 832 2993 porticus
857 2919 975 2994 intellig.
995 2916 1171 2987 latitudine,
1197 2933 1258 2971 non
1281 2916 1461 2993 longitndine

423 3028 480 3064 sese
501 3010 687 3084 excipientes,
709 3011 834 3087 singulas
856 3029 909 3084 per
929 3009 1093 3065 milliarium
1109 3007 1169 3063 sive
1192 3007 1268 3064 mille
1290 3027 1391 3083 passus
1411 3027 1462 3064 ex·

423 3112 525 3158 tensas.

461 3193 605 3267 Stagnum.
627 3197 669 3250 De
687 3215 746 3270 quo
761 3199 845 3252 Mart.
856 3238 865 3267 ,
878 3197 995 3271 Epign,
1019 3213 1050 3266 1,
1067 3214 1083 3250 u
1101 3215 1108 3249 :

527 3367 584 3427 llic,
599 3367 641 3418 ubi
655 3369 776 3435 conspicui
791 3366 934 3419 venerabilis
948 3367 1120 3435 amphitheatri

561 3451 666 3516 Erigitur
681 3453 767 3514 moles,
781 3462 862 3518 stagna
876 3451 980 3502 Neronis
994 3460 1070 3501 erant.

462 3619 581 3676 Arnum.
595 3619 669 3675 Vide
686 3622 775 3696 Aug„
795 3638 908 3676 nxxxrr.

464 3723 619 3779 Dedicaret.
634 3725 716 3782 llitus
730 3724 805 3782 enirn
819 3743 917 3782 sacros
931 3742 1086 3801 peragere,
1100 3735 1255 3800 antequam
1270 3722 1389 3778 domurn
1407 3719 1463 3775 tn-

424 3809 561 3882 bitnrent,
582 3815 660 3889 apud
676 3827 786 3873 veteres
804 3818 930 3873 solemne
944 3816 1008 3872 fuit.

464 3915 592 3972 Fossam.
609 3919 651 3975 Cl.
667 3921 782 3984 Tucim,
798 3924 921 3988 Annal,
938 3939 987 3992 xv,
1003 3929 1049 3988 4²·

463 4007 700 4081 Bquin'smmuni.
716 4011 769 4066 llic
787 4011 840 4066 luit
864 4013 1000 4069 Cesellins
1018 4015 1133 4083 Bessus,
1152 4021 1226 4068 auct.
1242 4010 1349 4080 Tacit,
1368 4021 1463 4074 Aren..

424 4116 490 4165 uer,
511 4119 531 4154 ι.
