3108 5434
419 516 824 574 ocrnvrussuousrus
1093 521 1129 596 95

104 658 230 736 posterae
245 643 327 708 vitre
343 641 501 708 castitate.
520 644 602 708 Item
618 639 819 708 lautitiarum
837 639 1011 726 invidiam3
1026 667 1127 734 quum

103 775 127 828 et
139 759 346 831 Alexandria
361 772 472 852 capta,
489 757 571 826 nibil
590 759 651 827 sibi
667 772 785 852 praeter
799 783 901 826 unum
917 761 1128 830 murrbinum

103 880 226 949 colioem
252 903 296 947 ex
320 880 541 949 instrumento
566 879 658 972 regio
682 879 874 966 retinuerit,
897 893 930 946 et
952 903 1029 946 mox
1053 904 1128 948 vasa

104 1023 188 1068 aurea
216 997 437 1066 assiduissimi
461 1021 541 1066 usus
567 996 760 1066 conflaverit
786 999 906 1065 omnia.
932 998 1027 1066 Circa
1053 977 1131 1066 libi..

102 1117 181 1186 dines
200 1117 316 1202 baesit;
333 1131 447 1211 postea
463 1139 611 1210 quoque,
629 1130 666 1183 ut
683 1115 809 1202 lerunt,
827 1115 869 1182 ad
883 1113 1044 1184 uitiandas
1065 1119 1129 1184 rir-

101 1239 182 1329 gines
202 1237 415 1331 promptior,
434 1259 506 1328 quae
534 1235 595 1302 sibi
621 1233 788 1327 undique,
813 1235 912 1304 etiam
937 1235 979 1304 ab
1005 1259 1126 1320 uxore,

101 1357 383 1448 conquirerentur.
413 1352 499 1424 Aleae
530 1378 696 1422 rumorem
727 1351 819 1422 nullo
848 1352 948 1422 modo
977 1357 1126 1447 expavit,

101 1473 238 1568 lusitque
257 1473 452 1569 simpliciter
468 1487 501 1542 et
519 1472 627 1568 palam
644 1471 875 1542 oblectamenti
895 1496 1008 1562 causa,
1027 1476 1125 1543 etiam

100 1618 209 1680 sene13
236 1617 277 1662 ao
304 1607 521 1687 praeterquam
544 1591 718 1662 Decembri
741 1615 872 1679 mense,
897 1589 970 1660 aliis
995 1617 1127 1686 quoque

100 1711 179 1782 letis
199 1711 424 1808 profestisque
443 1711 567 1780 diebus.
589 1714 658 1781 Neo
676 1710 710 1778 id
728 1711 865 1779 dubium
884 1725 941 1780 est
963 1716 1126 1808 Autogra·

99 1831 155 1922 pba
172 1831 322 1926 quadam
341 1828 493 1925 epistola,
511 1832 717 1917 «Coenam»
735 1831 799 1916 ait,
815 1832 886 1898 ‹tmi
901 1831 1030 1919 Tiberi,
1049 1857 1126 1900 cum

99 1951 217 2021 iisdem.
246 1955 466 2022 Accessenmt
491 1952 636 2020 convivae
661 1952 811 2020 Vinicius
837 1965 870 2019 et
896 1949 994 2020 Silius
1021 1967 1123 2044 pater.

97 2075 180 2142 Inter
198 2097 330 2142 coenam
349 2071 487 2142 lusimus
505 2080 697 2161 γεροντικῶς,
717 2086 750 2140 et
770 2071 842 2139 beri
862 2085 895 2140 et
912 2071 1019 2140 bodie.
1037 2069 1124 2142 Talis

97 2193 175 2260 enim
194 2193 349 2286 jactatis,
367 2191 560 2284 utquisque
580 2215 693 2260 canem
712 2205 771 2258 aut
789 2191 955 2258 senionem
973 2191 1128 2270 miserat,

98 2311 126 2376 io
141 2309 295 2406 singulos
313 2308 397 2378 talos
417 2309 563 2405 singulos
585 2309 736 2378 denarios
756 2311 791 2378 in
812 2309 955 2379 medium
975 2310 1123 2380 oonlere-

96 2427 171 2498 bat:
191 2455 279 2523 qnos
299 2428 433 2497 tollebat
450 2431 634 2515 universos,
652 2431 709 2521 qui
726 2432 888 2500 Venerem
903 2431 1034 2523 jecerat.
1046 2459 1063 2494 o
1079 2434 1123 2499 Et

96 2573 205 2618 mrsus
221 2548 296 2618 aliis
314 2547 431 2617 litteris
444 2571 453 2617 ε
464 2551 575 2635 «Nos,
593 2549 639 2616 mi
657 2549 784 2637 Tiberi,
799 2551 1029 2641 Quinquatrus
1045 2551 1123 2618 satis

93 2667 237 2758 jucunde
256 2671 395 2764 egimus.
415 2670 568 2737 Lusimus
586 2669 674 2737 enim
691 2693 750 2762 per
767 2693 880 2736 omues
899 2668 981 2752 dies,
999 2668 1123 2736 forum·

95 2812 152 2878 que
167 2788 369 2858 aleatorium
385 2785 581 2856 calfecimus.
601 2789 716 2856 Frater
733 2801 809 2854 tuus
827 2787 953 2880 magnis
972 2785 1123 2855 clamori·

94 2905 150 2976 bus
171 2933 246 2977 rem
268 2909 378 3002 gessit.
402 2906 454 2976 Ad
475 2931 635 2976 summam
657 2921 765 2974 tamen
789 2905 931 3000 perdidit
950 2929 1018 2974 non
1037 2904 1122 2974 mul·

92 3039 172 3114 tum;
191 3027 251 3096 sed
268 3051 310 3096 ex
331 3027 460 3122 magnis
484 3025 686 3094 detrimentis
709 3039 827 3118 praeter
847 3049 937 3120 spem
962 3019 1120 3118 paullatim

94 3161 254 3216 reuectus
276 3161 334 3215 est.
354 3151 427 3240 Ego
450 3145 576 3240 perdidi
599 3144 716 3238 viginti
737 3143 839 3212 millia
858 3143 1029 3212 nummlrm
1047 3167 1120 3212 meo

93 3269 241 3352 nomine;
260 3265 318 3334 sed
339 3289 443 3358 quum
467 3263 569 3333 effuse
593 3265 625 3330 in
652 3261 726 3332 lusu
750 3261 892 3332 liberalis
912 3263 1062 3352 fuissem,
1083 3277 1121 3332 ut

91 3383 179 3454 soleo
199 3383 404 3480 plerumque.
429 3385 514 3455 Nam
538 3385 583 3470 si,
608 3407 689 3475 quas
713 3405 828 3450 manus
851 3383 959 3450 remisi
979 3385 1118 3476 cuique,

91 3507 285 3598 exegissem,
306 3519 364 3573 aut
383 3503 589 3572 retinuissem
610 3502 700 3596 quod
726 3503 845 3595 cuique
864 3501 1000 3590 donavi,
1025 3502 1120 3570 vicis·

90 3647 155 3690 sem
173 3621 225 3692 vel
247 3597 490 3719 quinquaginta
512 3621 624 3691 millia.
646 3621 709 3691 Sed
730 3621 794 3690 hoe
810 3620 906 3690 malo.
931 3622 1118 3715 Benignitos
1231 3604 1235 3612 ’

89 3745 177 3812 euim
199 3769 275 3813 mea
290 3769 343 3812 me
363 3743 404 3813 ad
423 3743 587 3814 coelestem
608 3741 745 3838 gloriam
765 3742 885 3810 efferet.
898 3772 915 3805 κ
936 3741 1055 3810 Scribit
1076 3740 1118 3809 ad

88 3859 191 3930 filiam
208 3889 216 3930 :
232 3865 335 3932 «Misi
351 3863 411 3931 tibi
428 3861 580 3932 denarios
595 3862 753 3930 ducentos
766 3859 1018 3954 quinquaginta,
1035 3887 1118 3954 quos

87 3981 231 4076 singulis
250 3985 396 4052 convivis
416 3981 584 4070 dederam,
604 3984 630 4049 si
652 3979 772 4049 vellent
793 3983 877 4049 inter
897 4004 931 4048 se
950 3981 1035 4047 inter
1055 4005 1119 4048 coe·
1217 4031 1222 4041 ,

90 4123 169 4167 nam
189 4100 241 4168 vel
256 4100 328 4171 telis
343 4099 396 4171 vel
418 4125 477 4194 par
493 4103 598 4193 impar
613 4099 763 4169 ludere.»
781 4103 820 4168 ln
838 4100 953 4168 ceteris
971 4099 1118 4191 partibus
1220 4081 1222 4086 ,
