3138 5438
404 438 440 496 at
811 430 842 484 C.
863 428 1039 485 suamttu

298 529 305 540 ι
403 570 453 624 set
473 582 481 623 :
502 580 568 648 qua
586 553 776 624 conditione
795 567 913 645 quarta
935 577 1011 646 pars
1031 551 1099 620 fere
1117 551 1234 620 crediti
1252 552 1436 645 deperibat.

404 677 535 745 Cuncta
549 671 707 768 collegia,
724 685 843 765 prater
860 672 1044 764 antiquitus
1060 671 1254 760 constituta,
1275 671 1437 742 distraxit.

403 795 520 862 Poenas
537 792 722 862 facinorum
739 793 832 860 auxit
852 818 860 860 :
879 805 913 860 et
927 815 1032 884 quum
1051 787 1231 883 locupletes
1252 815 1292 860 oo
1309 791 1438 860 facilius

405 909 526 980 scelera
545 935 580 980 se
597 909 801 1006 obligarent,
819 911 910 1004 quod
927 913 1064 1005 integris
1085 911 1294 1004 patrimoniis
1312 911 1442 982 exsula-

406 1030 506 1117 bant,
525 1028 722 1123 parrloidas,
743 1044 781 1098 ut
793 1030 912 1098 Cicero
933 1030 1069 1115 scribit,
1086 1030 1183 1098 bonis
1199 1031 1370 1127 omnibus,
1392 1058 1443 1102 re·

404 1146 513 1242 liquos
532 1147 670 1217 dimidia
688 1163 783 1241 parte
798 1146 964 1217 multavit.

453 1269 575 1338 XLIII.
595 1271 654 1336 Jus
677 1265 932 1337 laboriosissime
947 1291 988 1338 ac
1008 1264 1210 1340 severissime
1225 1269 1318 1337 dixit.
1336 1273 1443 1362 Repe·

403 1386 584 1456 tundarum
602 1390 773 1457 convictos
789 1388 889 1458 etiam
911 1388 1027 1456 ordine
1053 1390 1219 1460 senatorio
1241 1391 1353 1458 movit.
1374 1391 1440 1458 Di·

404 1511 502 1578 remit
529 1509 661 1602 nuptias
690 1509 835 1601 praetorii
864 1491 946 1594 viri,
974 1510 1031 1600 qui
1059 1505 1238 1601 digressam
1268 1531 1287 1575 a
1316 1509 1442 1576 marito

404 1643 479 1721 post
499 1628 638 1696 biduum
664 1627 775 1696 statim
798 1625 958 1714 duxerat,
981 1627 1133 1719 quamvis
1157 1628 1227 1694 sine
1253 1627 1367 1719 probri
1389 1651 1443 1696 su·

404 1750 560 1841 spinione.
570 1748 825 1842 Peregrinarum
842 1747 1001 1814 mercium
1021 1749 1167 1840 portoria
1185 1748 1337 1815 institnit.
1353 1751 1441 1816 Lec-

405 1870 545 1937 ticarum
572 1892 687 1952 usum,
714 1869 792 1936 item
819 1865 1032 1958 conchyliatae
1052 1869 1171 1954 vestis,
1194 1880 1227 1934 et
1248 1866 1442 1960 margarita·

406 2011 497 2074 rum,
509 1987 571 2056 nisi
586 1987 684 2055 certis
702 1987 850 2078 personis
864 1998 897 2053 et
910 1985 1080 2072 aetatibus,
1095 2009 1219 2077 perque
1228 1997 1335 2052 certos
1346 1982 1441 2069 dies,

405 2105 538 2174 ademit.
548 2108 672 2197 Legem
687 2106 850 2198 precipue
866 2105 1105 2196 sumptuariam
1121 2104 1288 2172 exercuit:
1303 2103 1442 2197 disposi-

405 2227 448 2294 tis
465 2227 552 2293 oirca
572 2223 746 2293 macellum
766 2223 977 2311 custodibus,
995 2223 1051 2316 qui
1072 2225 1210 2317 opsonia
1225 2239 1341 2292 contra
1358 2225 1442 2291 veti·

330 2397 333 2408 .
406 2359 478 2412 tum
502 2345 700 2430 retinerent,
727 2343 1005 2436 deportarentque
1025 2343 1068 2410 ad
1088 2367 1141 2429 se;
1159 2344 1338 2411 summissis
1357 2367 1441 2414 aon-

406 2486 579 2556 nunquam
599 2459 770 2531 lictoribus
790 2475 889 2554 atque
909 2459 1090 2544 militibus,
1110 2463 1186 2553 qni,
1205 2463 1232 2528 si
1248 2485 1314 2554 qua
1330 2473 1443 2529 custo·

406 2581 464 2650 des
479 2579 688 2670 fefellissent,
703 2583 772 2675 jam
788 2583 939 2675 apposita
957 2605 975 2648 e
993 2578 1139 2648 triclinio
1156 2579 1332 2648 auferrent.

453 2703 574 2772 XLIV.
606 2705 679 2770 lam
707 2700 748 2770 de
772 2699 920 2770 ornanda
949 2698 1206 2792 instruendaque
1233 2700 1330 2787 urbe,
1354 2701 1440 2778 item

407 2819 448 2888 de
473 2820 598 2888 tuendo
621 2818 876 2914 ampliandoque
900 2819 1055 2912 imperio,
1076 2815 1170 2912 plura
1192 2843 1230 2888 ac
1251 2819 1375 2912 majora
1403 2821 1440 2888 in

407 2937 477 3006 dies
505 2938 717 3006 destinabat:
739 2939 772 3004 in
800 2937 915 3030 primis
930 2939 1049 3006 Martis
1074 2937 1254 3030 templum,
1276 2951 1441 3030 qnantum

408 3079 571 3148 nusquam
586 3069 689 3142 esset,
707 3069 897 3142 exstruere,
916 3053 1043 3148 repleto
1063 3070 1097 3123 et
1116 3053 1327 3148 complanato
1347 3054 1442 3144 lacu,

408 3175 526 3268 inquo
552 3174 757 3242 naumachia
778 3172 1000 3266 spectaculum
1023 3173 1182 3260 ediderat,
1204 3174 1442 3264 theatrumque

408 3314 544 3360 summa
562 3291 799 3385 magnitudinis
816 3293 958 3385 Tarpeio
978 3294 1084 3360 monti
1104 3292 1268 3360 accubans
1289 3317 1297 3358 :
1318 3293 1370 3386 jus
1391 3293 1442 3358 ci-

409 3408 472 3478 vile
488 3409 530 3478 ad
549 3423 676 3478 eertum
692 3411 828 3480 modum
846 3410 1015 3504 redigere,
1034 3425 1132 3502 atque
1147 3435 1187 3478 ex
1203 3411 1362 3478 immensa
1378 3409 1444 3478 dif-

408 3528 544 3622 fusaque
565 3527 675 3623 legum
695 3532 808 3622 copia,
830 3531 955 3622 optima
976 3554 1114 3622 quaeque
1138 3543 1170 3596 et
1196 3529 1376 3596 necessaria
1403 3529 1440 3596 in

408 3649 624 3740 paucissimos
643 3649 791 3718 conferre
811 3647 912 3716 libros
932 3673 940 3715 ε
961 3646 1177 3716 bibliothecas
1194 3671 1315 3742 graecas
1334 3661 1368 3714 et
1389 3645 1442 3716 la·
1511 3655 1515 3662 ’

408 3768 511 3856 tinas,
528 3791 609 3860 quas
623 3769 779 3836 maximas
794 3782 923 3860 posset,
935 3764 1121 3860 publicare,
1137 3767 1213 3836 data
1222 3770 1270 3836 M.
1290 3769 1441 3836 Varroni
1561 3835 1563 3844 ,

409 3908 489 3954 cura
507 3885 803 3981 comparandarum
824 3911 863 3954 ao
880 3885 1135 3980 digerendarum
1152 3913 1160 3954 :
1179 3887 1301 3955 siccare
1321 3889 1446 3980 Pomp-
1561 3875 1562 3878 ¹

410 4005 494 4074 tinas
512 4003 647 4098 paludes
665 4031 672 4073 :
692 4006 843 4074 emittere
862 4007 1024 4073 Fucinum
1045 4004 1150 4073 lacum
1175 4031 1183 4072 ε
1204 4005 1289 4074 viam
1307 4006 1445 4075 munire
