3138 5438
413 471 447 534 'tt
808 469 839 523 C.
859 467 1032 524 SUETONII

414 586 541 658 n'ulium
560 592 702 685 spatium
718 592 898 685 perterritis
916 591 1022 658 dabat.
1045 587 1189 683 Ancipiti
1206 587 1320 681 proelio
1336 616 1437 684 equos

413 707 614 797 dimittebat,
636 725 669 778 et
691 711 725 778 in
747 711 861 805 primis
883 735 1000 798 suum,
1018 735 1085 802 quo
1103 710 1207 802 major
1224 711 1437 802 permanendi

415 829 585 898 nenessitas
602 829 838 922 imponeretur,
855 830 975 901 auxilio
994 829 1079 924 fugae
1096 844 1219 922 erepto.

461 949 548 1016 LXI.
575 947 740 1020 Utebntur
764 962 875 1016 autem
899 973 985 1041 equo
1012 949 1149 1042 insigni,
1171 947 1309 1040 pedibus
1333 973 1437 1042 prope

413 1067 584 1151 humanis,
601 1080 634 1134 et
654 1067 687 1132 in
707 1066 841 1136 modum
859 1067 1037 1160 digitorum
1057 1065 1189 1159 ungulis
1207 1065 1289 1134 fissis
1308 1092 1316 1134 :
1338 1093 1436 1161 quem

414 1199 528 1252 natum
545 1182 634 1278 apud
654 1208 706 1271 se,
723 1210 827 1278 quum
846 1185 1033 1279 haruspices
1047 1186 1221 1278 imperium
1240 1187 1328 1256 orbis
1343 1201 1437 1256 terrae

413 1301 594 1396 significare
619 1301 753 1372 domino
778 1306 1063 1396 pronuntiassent,
1086 1329 1204 1399 magna
1229 1329 1308 1374 cura
1333 1304 1436 1394 alnit;

415 1445 474 1489 nec
498 1421 674 1514 patientem
697 1422 828 1490 sessoris
850 1420 984 1490 alterius
1004 1425 1129 1516 primus
1151 1424 1295 1493 ascendit
1315 1451 1323 1491 τ
1342 1427 1437 1518 cujus

413 1540 510 1608 etiam
530 1541 632 1608 instar
659 1565 720 1632 pro
746 1538 814 1608 ede
840 1543 976 1610 Veneris
995 1543 1179 1611 Genetricis
1207 1559 1320 1636 postea
1342 1543 1436 1613 dedi·

414 1661 509 1728 cavit.

461 1783 563 1850 LXII.
591 1775 784 1847 Inclinatam
806 1779 909 1846 aciem
932 1775 1021 1846 solus
1043 1803 1127 1873 saepe
1149 1782 1306 1868 restitnit,
1331 1782 1438 1850 obsis·

418 1914 490 1968 tens
507 1897 725 1991 fugientibus,
743 1896 951 1988 retinensque
967 1897 1130 1990 singulos,
1146 1913 1178 1966 et
1194 1902 1350 1968 contortis
1368 1901 1441 1970 feu-

415 2017 508 2086 cibns
522 2030 713 2085 convertens
730 2015 765 2081 in
779 2014 907 2084 hostem
925 2041 933 2084 ι
952 2031 985 2083 et
999 2015 1131 2108 quidem
1145 2017 1227 2086 adeo
1244 2017 1443 2112 plerumque

416 2133 576 2229 trepidos,
590 2149 628 2204 ut
641 2129 791 2225 aquilifer
805 2133 946 2201 moranti
959 2155 993 2202 se
1006 2134 1139 2228 cuspide
1152 2137 1193 2203 sit
1206 2138 1443 2224 comminatum

415 2255 498 2326 alius
516 2257 550 2324 in
567 2255 667 2324 manu
684 2253 859 2322 detinentis
876 2251 1044 2344 reliquerit
1059 2253 1199 2348 signum.

462 2375 584 2442 LXIII.
609 2376 687 2444 Non
707 2372 834 2440 minora
854 2366 909 2438 illa
929 2372 1119 2441 constantie
1141 2375 1230 2466 ejus,
1250 2377 1351 2445 immo
1372 2403 1446 2448 ma-

415 2493 486 2585 jora
514 2493 632 2579 etiam,
660 2491 778 2560 indicia
807 2489 939 2558 fuerint.
967 2493 1046 2558 Post
1072 2492 1174 2560 aciem
1200 2495 1439 2572 Pharsalicam,

417 2635 520 2704 quum
533 2611 704 2704 premissis
719 2611 752 2678 iu
761 2611 871 2679 Asiam
881 2609 982 2702 copiis
993 2633 1052 2701 per
1059 2612 1226 2704 angustias
1236 2611 1448 2710 Hellesponti

417 2729 559 2800 uectoria
571 2727 722 2798 navicula
734 2730 914 2822 trajiceret,
928 2732 965 2798 C.
981 2729 1145 2816 Cassium,
1162 2733 1264 2824 partis
1276 2731 1449 2822 adversae,

418 2873 495 2920 cum
507 2849 618 2918 decern
633 2848 781 2918 rostratis
796 2847 934 2916 navibus
951 2849 1085 2918 obvium
1099 2851 1160 2918 sibi
1176 2875 1282 2943 neque
1294 2851 1425 2947 refugit
1443 2881 1452 2920 :

418 2981 452 3036 et
466 2970 614 3038 cominus
632 2966 785 3052 tendens,
802 2965 890 3037 ultro
906 2970 948 3038 ad
963 2970 1160 3040 deditionem
1177 2970 1346 3058 hortatus,
1364 2995 1456 3066 sup-

420 3084 535 3178 plicem
554 3086 595 3154 ud
613 3111 646 3154 se
662 3088 792 3190 recepit
1323 3065 1327 3073 ἱ

389 3205 393 3215 “
467 3205 586 3272 LXIV.
625 3203 849 3294 Alexandriae,
881 3208 967 3276 circe
999 3209 1277 3302 oppugnationem
1309 3209 1457 3301 pontis,

371 3359 373 3364 v
421 3325 592 3416 eruptione
613 3323 757 3393 hostium
779 3325 888 3392 subita
908 3326 1095 3420 compulsus
1117 3329 1150 3394 in
1170 3325 1349 3421 scapham,
1368 3325 1459 3420 plu-

422 3442 512 3512 ribus
526 3441 641 3512 eodem
659 3443 951 3536 precipitantibus,
965 3469 1067 3537 quum
1083 3443 1263 3513 desiluisset
1280 3447 1314 3512 in
1332 3465 1461 3531 mare,

424 3559 533 3630 nando
551 3585 609 3654 per
625 3559 782 3631 ducentos
799 3563 912 3655 passus
927 3563 1029 3630 evasit
1045 3561 1087 3630 ad
1104 3563 1287 3655 proximam
1304 3587 1464 3652 navem,

360 3759 362 3764 Ι
422 3677 504 3750 elata
521 3677 619 3767 laeva,
635 3703 676 3748 ne
695 3678 814 3767 libelli,
832 3705 915 3773 quos
933 3680 1082 3766 tenebat,
1102 3679 1330 3767 madefierent3
1348 3681 1465 3774 palu-

420 3797 613 3872 damentum
630 3797 795 3868 mordicus
806 3800 953 3884 trahens,
970 3823 1011 3866 ne
1028 3796 1133 3892 spolio
1147 3798 1310 3890 potiretur
1327 3798 1467 3870 hostis.

469 3919 573 3988 LXV.
599 3915 737 3988 Militem
762 3941 867 4010 neque
893 3941 913 3986 a
940 3916 1104 4002 moribus,
1133 3935 1239 4008 neque
1265 3940 1284 3984 a
1310 3915 1473 3990 fortuna

415 4039 597 4128 probabat,
612 4037 668 4107 sed
686 4050 812 4105 tanturn
830 4061 849 4104 a
867 4036 1008 4121 viribus;
1026 4035 1250 4126 tractabatque
1266 4035 1339 4126 pari
1360 4062 1473 4108 seve-
