3108 5434
527 485 706 542 TIBERIUS.
1084 484 1135 538 153

157 609 273 676 thv.
300 608 431 676 Nurum
448 632 487 675 nc
503 622 639 702 nepotes
654 631 824 702 nunquam
842 607 937 678 aliter
956 623 1032 703 post
1048 607 1135 676 dam·

119 729 292 808 nationem,
310 751 410 820 quam
422 739 605 816 catenatos,
620 727 805 822 obsutaque
823 725 953 814 lectica,
971 725 1133 800 locomo·

118 849 170 936 rit;
188 847 367 943 prohibitis
380 871 439 941 per
452 845 590 921 militem
606 847 714 918 obviis
726 873 764 916 ac
776 849 957 918 viatoribus
973 849 1135 944 respicere

119 991 264 1062 usquam,
283 965 336 1036 vel
354 968 539 1038 consistere.
587 1025 588 1032 ,

156 1091 259 1156 LXV.
285 1087 455 1180 Sejanum,
474 1111 526 1158 res
548 1112 650 1158 novas
668 1087 878 1177 molientem,
898 1089 1047 1183 quumvis
1064 1091 1132 1184 jam

119 1221 145 1276 et
159 1205 305 1275 natalem
318 1206 388 1299 ejus
398 1205 528 1300 publice
539 1207 714 1297 celebrari,
728 1225 762 1278 et
773 1210 933 1304 imagines
944 1233 1061 1278 aureas
1072 1208 1134 1278 coli

120 1327 228 1419 passim
238 1325 387 1414 videret,
404 1329 456 1398 vir
468 1327 616 1414 tandem,
630 1343 744 1398 etastu
760 1330 916 1423 magisne
932 1327 1025 1416 dolo,
1037 1353 1136 1428 quam

118 1444 284 1540 principali
295 1450 506 1536 auctoritate,
521 1447 692 1516 subvertit.
703 1449 790 1520 Nam
809 1447 933 1542 primo,
949 1461 987 1516 ut
999 1472 1019 1516 a
1033 1473 1067 1516 se
1079 1471 1137 1541 per

118 1567 253 1658 speciem
277 1565 413 1635 honoris
436 1566 633 1656 dimitteret,
658 1565 818 1662 collegam
842 1569 904 1637 sibi
926 1568 1078 1636 assumsit
1103 1569 1137 1634 in

119 1685 226 1775 quinto
251 1683 443 1773 consulatu,
464 1709 564 1778 quem
586 1685 686 1779 longo
709 1684 882 1755 intervallo
902 1686 1018 1754 absens
1040 1687 1083 1754 ob
1104 1685 1138 1753 id

117 1803 217 1896 ipsum
226 1817 426 1898 susceperat.
440 1803 569 1874 Deinde
583 1829 640 1898 spe
655 1803 821 1873 affinitatis
832 1828 869 1873 ac
882 1805 1065 1877 tribuniciae
1081 1829 1139 1898 po·

118 1925 233 1992 testatis
252 1923 447 2018 deceptum,
463 1926 688 2018 inopinantem
705 1925 897 1993 criminatus
914 1939 964 1994 est
983 1923 1138 2019 pudenda

117 2043 546 2138 miserandaqueoratione3
566 2069 669 2138 quum
685 2045 772 2112 inter
791 2043 855 2112 alia
874 2049 911 2114 P.
930 2048 968 2115 C.
990 2069 1139 2137 precare·

118 2176 182 2248 tur,
198 2165 398 2233 amitterent
419 2161 557 2233 alterurn
580 2187 599 2232 e
619 2161 824 2251 consulibus,
841 2165 900 2258 qui
918 2187 952 2233 se
974 2187 1085 2232 senem
1109 2178 1141 2232 et

118 2282 218 2353 solum
239 2286 275 2351 in
295 2299 507 2378 conspectum
524 2309 638 2353 eorum
653 2309 730 2355 cum
747 2285 859 2379 aliquo
877 2284 1011 2353 militari
1029 2286 1141 2379 praesi·

119 2400 171 2472 dio
195 2403 430 2498 perduceret.»
458 2405 511 2473 Sic
540 2429 674 2498 quoque
700 2403 871 2492 diffidens,
895 2401 1142 2496 tumultumque

116 2539 283 2608 metuens,
299 2527 447 2592 Drusum
458 2535 633 2618 nepotem,
646 2547 745 2618 quem
757 2521 900 2592 vinculis
911 2521 1019 2592 adhuc
1030 2525 1142 2591 Romae

117 2645 324 2732 continebat,
348 2643 450 2730 solvi,
475 2644 573 2714 sires
598 2659 763 2739 posceret,
786 2643 967 2735 ducemque
986 2643 1142 2710 constitui

116 2777 327 2858 praeceperat.
348 2764 477 2856 Aptatis
495 2763 593 2832 etiam
615 2763 772 2850 navibus,
794 2761 836 2830 ad
859 2783 1074 2854 quascunque
1096 2758 1143 2828 le·

116 2883 229 2976 giones
246 2882 472 2953 meditabatur
493 2881 621 2979 fugam,
642 2880 906 2979 speculabundus
930 2906 970 2952 ex
987 2877 1144 2951 altissima
1208 2944 1212 2953 .

114 3029 197 3098 rupe
214 3003 401 3072 identidem
415 3003 523 3098 signa,
539 3025 627 3098 quae,
644 3029 686 3074 ne
701 3006 815 3073 nuncii
830 3017 1052 3089 morarentur,
1073 2999 1144 3070 tolli

114 3123 252 3216 procul,
271 3138 308 3193 ut
326 3123 472 3218 quidque
493 3124 615 3193 lactum
638 3125 738 3214 soret,
757 3123 978 3194 mandaverat.
1001 3126 1144 3206 Verum,
1186 3119 1192 3130 ’

115 3260 148 3314 et
160 3269 322 3340 oppressa
337 3245 563 3338 conjuratione
580 3245 703 3338 Sejani,
716 3244 820 3312 nihilo
834 3244 980 3314 securior
995 3257 1054 3312 aut
1066 3267 1143 3310 con-

115 3367 271 3452 stantior,
290 3388 351 3460 per
371 3389 489 3436 novem
511 3367 676 3459 proximos
694 3387 821 3433 menses
843 3389 910 3433 non
929 3387 1077 3458 egressus
1094 3377 1144 3431 est

113 3484 213 3573 villa,
231 3511 305 3579 quae
322 3500 460 3554 vocatur
473 3487 573 3554 lovis.

103 3622 109 3660 i
161 3609 287 3676 LXVI.
313 3606 463 3674 Urebant
485 3607 618 3700 insuper
633 3608 764 3675 anxiam
785 3620 927 3675 mentem
948 3604 1036 3672 varia
1052 3601 1148 3670 undi-

112 3749 181 3819 que
196 3725 363 3813 convicia,
380 3723 473 3794 nnllo
491 3749 559 3794 non
570 3724 800 3794 damnatorum
811 3749 910 3794 omne
921 3723 1034 3818 probri
1046 3745 1147 3816 genus

113 3871 249 3935 mmm,
267 3845 319 3914 vel
337 3871 397 3939 per
420 3844 547 3916 libellos
565 3848 601 3915 in
617 3847 783 3916 orchestra
801 3847 940 3940 positos,
966 3845 1144 3938 ingerente.

111 3966 255 4054 Quibus
274 3965 407 4058 quidem
426 3965 642 4035 diversissime
659 3965 861 4034 afficiebatur
875 3991 883 4031 :
896 3963 1009 4050 modo,
1027 3976 1064 4030 ut
1083 3986 1149 4056 prae

111 4086 252 4180 pudore
273 4088 385 4179 ignota
407 4101 441 4154 et
464 4083 567 4156 celata
592 4100 710 4154 cuncta
735 4098 887 4178 cuperct3
911 4107 1150 4174 nonnunquam
