3164 5442
405 569 407 573 .
437 521 478 573 ru
500 521 584 577 oen.
606 519 824 576 incussum.
1100 520 1152 592 ιφ

107 633 301 706 hispanienses
318 633 475 706 exercitus,
497 635 596 692 Caium
624 643 796 690 remeantem
816 632 969 703 Armenia,
989 643 1017 688 et
1034 635 1153 694 vulnere

109 725 267 781 invalidum
299 744 375 782 mors
403 727 462 785 fato
486 745 627 803 propera,
647 729 692 783 vel
717 745 847 784 novercae
868 724 955 782 Livia
979 723 1063 784 dolus
1084 728 1153 786 abs—

109 819 183 874 tulit.
201 843 214 870 ι
508 807 514 899 *y
986 827 997 844 ‘

150 913 314 986 Adoptauit.
329 911 416 986 vett,
430 931 476 981 rr,
494 914 571 972 103:
590 914 700 984 «Quod
719 923 787 988 post
809 913 892 972 Lucii
907 921 1046 987 mortem,
1062 911 1156 972 adhuc

60 1021 63 1024 ’
111 1005 180 1061 Caio
200 1005 283 1076 vivo,
308 1003 401 1061 facere
420 1007 564 1077 uoluerat,
586 1017 671 1081 atque
693 1007 876 1064 vehementer
897 1009 1157 1082 repugnantem-

109 1117 198 1168 ronc‚
214 1107 274 1154 erat
287 1098 439 1172 inhibitus,
453 1110 519 1174 post
533 1099 683 1174 utriusque
696 1099 918 1157 adolescentium
933 1099 1044 1156 obitum
1064 1101 1157 1172 facere

110 1190 317 1264 perseveravit,
338 1202 417 1248 etcs
1032 1185 1036 1199 “

152 1284 307 1338 Abdicavit.
322 1284 357 1340 Η.
376 1303 400 1340 e.
414 1283 519 1341 familia
540 1283 638 1356 ejecit,
655 1283 753 1358 sicque
772 1284 883 1342 irritam
901 1284 997 1342 effecit
1017 1285 1156 1359 adoptio·

110 1394 185 1432 nem.
206 1375 424 1431 Abdicatiunem
438 1377 474 1432 ab
488 1375 709 1432 exheredatioue
723 1376 857 1449 differre,
872 1377 954 1452 quod
967 1376 1015 1434 ina
1024 1375 1058 1433 fit
1072 1377 1157 1447 viru,

111 1471 171 1524 haec
183 1477 315 1540 mortuo,
328 1479 410 1524 notat
425 1471 467 1526 Cl.
486 1472 565 1524 Hase
579 1489 614 1526 ex
627 1470 709 1526 Reitn
730 1470 809 1525 adh.
823 1471 841 1525 l.
1191 1544 1194 1550 Δ

151 1561 269 1616 Libello.
286 1561 349 1616 Scil.
366 1561 508 1634 oratione,
518 1574 551 1618 ut
563 1581 635 1638 saepe
650 1563 698 1618 tali
712 1580 796 1620 sensu
808 1581 867 1619 vox
876 1561 923 1620 illa
938 1563 1063 1620 occurrit
1076 1563 1158 1638 apud

109 1653 235 1712 historia
252 1659 387 1730 Augustae
401 1655 555 1730 scriptores

149 1751 238 1806 Fecit
252 1753 353 1807 Postea
361 1760 463 1806 notum
476 1750 573 1806 fecisse
587 1749 730 1824 poenituit.
745 1751 859 1820 senec,
868 1752 905 1804 de
914 1749 1015 1822 Benefi
1022 1791 1031 1818 ,
1041 1769 1087 1822 rr,
1102 1749 1157 1806 ss:

111 1866 126 1893 e
140 1841 269 1913 Deinde,
287 1862 377 1917 quum
389 1842 559 1916 interposito
578 1854 712 1916 tempore⁴
729 1843 758 1898 in
774 1845 870 1899 locum
883 1842 932 1898 irae
953 1843 1084 1900 subiisset
1104 1863 1157 1899 ve-

110 1934 264 2004 recundia,
280 1953 409 2010 gemens,
424 1935 506 2009 quod
522 1955 582 1991 non
600 1935 648 1990 illa
662 1933 711 2010 (sc.
726 1933 845 2012 flagitia)
865 1919 977 1992 silentio
997 1937 1159 2010 pressisset,

111 2047 175 2101 quae
188 2026 299 2083 tamdiu
313 2027 466 2098 nescierat,
480 2027 572 2083 donec
585 2027 666 2100 loqui
680 2037 766 2100 turpe
781 2037 866 2097 esset,
881 2047 955 2102 saepe
969 2030 1137 2106 exclamavit
1151 2051 1158 2084 ι

109 2122 225 2175 Horum
255 2119 324 2174 mihi
357 2119 427 2175 nihil
455 2118 623 2189 accidisset,
649 2118 672 2176 si
705 2129 754 2176 aut
782 2119 912 2196 Agrippa
939 2132 989 2177 aut
1019 2124 1159 2180 Maecenas

111 2212 236 2268 vixisset.
253 2236 265 2260 υ
315 2227 317 2232 ’

152 2304 269 2360 Plroebe.
280 2304 360 2360 Juliae
368 2304 470 2362 liberta
483 2303 550 2374 tuit,
563 2306 683 2380 ejusque
696 2302 834 2361 vitiorum
844 2303 982 2378 adjutrix.
999 2305 1041 2362 Cf.
1056 2307 1159 2378 Dione,

111 2417 162 2470 nv,
176 2416 206 2472 p.
225 2396 292 2457 555.

153 2492 333 2547 Planarr'am.
348 2493 457 2566 Nempe
471 2486 649 2548 Plomaria'm.

155 2583 244 2640 Cavit.
258 2584 363 2656 Tacit,
377 2587 502 2652 Amal„
520 2603 548 2656 1,
565 2583 583 2640 6
604 2603 612 2639 ε
627 2585 787 2659 «Saevaque
807 2587 955 2658 Augustus
977 2583 1014 2641 de
1032 2585 1161 2642 moribus

111 2676 300 2732 adolescentis
319 2687 452 2752 questus,
471 2688 504 2733 ut
521 2675 650 2734 exsilium
667 2675 729 2750 ejus
746 2675 992 2733 senatusconsulto
1004 2675 1161 2734 sanciretur
1184 2743 1196 2762 ,Ἴ

111 2770 281 2841 perfecerat.
297 2795 310 2821 s

153 2865 208 2924 Ait'
222 2874 312 2942 testes
327 2865 433 2920 Versus
451 2864 584 2934 Homer„
603 2863 707 2928 iliad„
724 2881 779 2931 111,
798 2870 851 2932 to,
871 2860 972 2918 leviter
986 2860 1163 2941 immutatus.'
1294 2927 1297 2933 ¹

112 2955 204 3028 Apud
216 2967 332 3030 poetam
352 2975 358 3010 ε

237 3150 289 3201 Δῖθ’
307 3151 386 3219 ὄφελις
403 3151 487 3219 ἄγονός
498 3156 519 3202 τ’
537 3153 634 3220 ἔμεναι,
656 3149 751 3219 ἄγαμός
764 3153 787 3199 τ’
801 3148 944 3200 ἀπολέσθαι.

154 3316 222 3369 Car.
238 3315 341 3370 LXVI.
359 3313 550 3369 Salvidienum
563 3312 676 3385 misum.
691 3311 780 3382 Vell.‚
794 3329 835 3382 11,
851 3309 887 3380 76
903 3312 1003 3366 :uPer
1016 3329 1080 3386 quae
1095 3323 1163 3368 tem·

114 3425 189 3481 pora
204 3404 271 3462 Ruti
291 3405 444 3463 Salvidieni
460 3408 576 3463 scelesta
599 3404 715 3462 consilia
733 3404 876 3479 patefacta
898 3414 973 3460 sunt.
998 3404 1057 3475 Qui
1078 3415 1162 3462 natus

115 3499 321 3557 obscurissimis
341 3499 440 3572 initiis,
454 3519 556 3575 parum
571 3500 696 3555 habebat
710 3515 818 3553 summa
836 3497 991 3571 accepisse,
1012 3507 1040 3554 et
1056 3499 1160 3571 proxi-

113 3614 178 3651 mus
201 3612 218 3650 a
239 3597 290 3650 Cn.
312 3593 449 3667 Pompeio
469 3593 591 3669 ipsoque
608 3595 714 3649 Caesare
733 3609 768 3646 cx
790 3589 915 3665 equestri
938 3590 1038 3647 ordine
1062 3593 1160 3648 consul
1240 3603 1243 3610 ’

116 3698 229 3745 creatus
250 3706 325 3759 esse,
339 3687 393 3742 nisi
409 3687 439 3743 in
459 3687 490 3742 id
512 3686 697 3755 ascendisset,
725 3683 910 3758 equointra
930 3702 959 3739 se
977 3693 1005 3739 et
1025 3685 1160 3740 Caesarem

115 3784 227 3842 videret
242 3795 272 3840 et
289 3783 525 3858 rempublicam.»
541 3835 547 3848 ,

158 3879 285 3934 Gallum.
302 3875 361 3946 Qui
373 3879 498 3952 AEgypto
512 3875 681 3951 praepositus
694 3875 788 3930 fuerat
800 3877 834 3929 Α.
851 3875 886 3930 U.
903 3881 959 3942 7²4
983 3892 990 3926 ε
1013 3870 1068 3927 tuit
1087 3869 1162 3926 inter

117 3982 217 4044 poetas
232 3969 360 4028 eximius.
378 3971 422 4028 ef.
438 3971 534 4025 flurs.
550 3969 587 4025 ad
600 3970 679 4043 Virg.
696 3971 796 4042 Eclug.
805 4007 813 4033 ‚
830 3985 877 4036 vr,
892 3984 938 4035 72.

158 4065 229 4119 Suis.
247 4065 339 4120 Intell.
357 4064 510 4130 Caesareis,
530 4063 687 4137 dequibus
705 4079 791 4135 supra
810 4078 912 4130 μνη.

160 4153 369 4226 Corrjuratione.
385 4159 428 4211 De
444 4174 502 4230 qua.
519 4173 620 4230 supra,
637 4173 697 4210 xrx.
862 4151 864 4154 ’

217 4285 253 4327 Η.
