3164 5442
399 504 439 558 IN
465 504 652 561 ‘rlnnnnns
674 503 871 560 NERONEM.
1107 527 1162 564 aus

164 620 287 674 Tertium
301 620 412 676 absens.
431 627 460 675 Α.
481 621 516 676 U.
540 617 614 690 784,
631 638 722 695 quum
739 619 856 695 Capreis
876 619 1001 696 degeret.

158 725 224 780 (Ine.
240 727 364 782 XXVII.
379 726 542 781 Admisen't.
557 726 630 796 Dio,
645 745 720 797 ινιι,
735 742 764 799 p.
779 727 839 802 609
853 746 861 782 :
873 735 1000 788 Είτιποτι
1016 737 1111 790 inieci
1127 733 1167 790 ds·

118 831 172 894 ppei
188 827 327 895 ἐκομίζετο,
342 821 431 878 cidisse
446 826 467 878 oi
481 828 670 898 παρακολουθιῖν
692 828 737 895 οὐχ
751 828 815 887 ὅπως
833 823 972 891 Geuisucin,
989 827 1042 880 ἀλλ’
1057 823 1110 882 ott·
1128 832 1166 881 in·

118 919 166 970 nin
179 926 227 970 τῶν
244 918 362 988 πρώτων,
375 919 422 971 sis.

159 1015 350 1072 Consularem.
367 1017 479 1091 Nempe
492 1019 528 1089 Q.
544 995 711 1089 Haterium,
729 1027 804 1073 auct.
819 1017 923 1088 Tacit,
938 1022 1029 1086 Aren,
1048 1038 1078 1089 1,
1101 1017 1144 1075 13.

158 1110 302 1165 Dominus.
322 1110 428 1180 Tacit,
448 1112 571 1177 Annei,
583 1128 627 1178 11,
646 1109 682 1180 87
706 1131 712 1164 :
732 1111 866 1165 «Acerbe
879 1109 1022 1185 increpuit
1037 1130 1101 1184 eos,
1115 1111 1166 1187 qni

117 1203 226 1257 divinas
244 1204 463 1277 occupationes,
478 1203 631 1278 ipsumque
645 1205 790 1258 dominnm
805 1203 966 1260 dixerunt..

157 1297 224 1350 Cin.
243 1297 385 1352 XXVIII.
406 1295 588 1373 Aperuentis.
610 1295 656 1352 Sic
670 1297 803 1376 Terent,
825 1298 948 1365 Heaut,
972 1315 1036 1371 ιιι,Ι
1054 1316 1086 1367 ι,
1106 1315 1165 1368 72:

222 1476 344 1536 Quantam
357 1471 484 1524 ienesuum
498 1473 529 1522 sd
543 1471 674 1539 nequitiam
687 1472 833 1540 patefeceris.

157 1641 224 1697 Cn.
248 1641 363 1696 XXIX.
387 1640 557 1696 Salutarem.
581 1638 647 1696 Scil.
670 1641 789 1696 salutem
804 1649 967 1710 curantem,
985 1649 1018 1694 ut
1035 1639 1110 1710 cic,
1130 1641 1167 1694 de

115 1734 207 1788 Fenib.
214 1773 224 1800 ‚
240 1752 296 1804 111,
312 1752 349 1788 uo
366 1753 373 1788 :
389 1757 404 1784 u
419 1737 514 1807 Atque
528 1732 612 1790 etiam
623 1735 740 1804 Jovern,
755 1751 845 1806 quum
858 1733 1017 1788 santarem
1032 1731 1166 1803 dicimus,

114 1828 171 1884 hoc
185 1825 306 1903 intelligi
320 1828 455 1882 volumus
468 1829 592 1881 salutem
606 1824 755 1881 hominum
769 1824 799 1880 in
813 1825 874 1897 ejus
890 1843 950 1881 esse
963 1827 1061 1881 tutela.
1071 1849 1084 1876 ι

157 1934 224 1988 cis.
239 1933 338 1989 XXX.
359 1932 542 1988 Consorootis.
558 1931 663 2001 Tacit,
685 1934 790 1986 Annal.
798 1971 808 1998 ‚
825 1949 880 1999 ιιι,
900 1929 938 1986 60
954 1950 962 1985 :
980 1929 1062 1986 used
1076 1929 1166 1986 Tibe·

114 2023 177 2080 rins
195 2023 253 2078 vim
270 2023 448 2097 principatus
467 2023 524 2079 sibi
540 2021 673 2093 firmans,
688 2022 840 2098 imaginem
861 2021 1040 2096 antiquitatis
1057 2022 1168 2078 senatui

114 2116 279 2190 praebebat,
295 2117 440 2190 postulata
452 2115 666 2191 provinciarum
680 2115 717 2172 ad
728 2113 955 2190 disquisitionem
968 2124 1085 2188 patmm
1098 2113 1168 2169 mit·
1233 2109 1239 2124 '

113 2209 215 2265 tendo·
232 2233 243 2258 ν

157 2300 324 2374 deferretur.
338 2302 410 2374 Diu,
424 2321 503 2373 Lvu,
521 2322 551 2378 p.
571 2302 629 2359 606
648 2322 655 2357 2
674 2311 752 2372 Δίον-ὀς
766 2312 809 2382 μίν
825 2315 879 2363 καθ’
893 2311 977 2363 ἑαυτὸν
991 2313 1008 2369 ἧ
1020 2331 1045 2362 τι
1057 2313 1074 2370 ἢ
1090 2312 1166 2382 ὀλίγον

113 2423 138 2453 τι
160 2404 282 2473 ‘sepsere'
296 2403 383 2456 ποίντο.
396 2399 426 2455 di
441 2400 475 2462 dii
492 2403 535 2456 καὶ
555 2404 589 2456 τὰ
603 2406 759 2474 σμικρότατα
777 2405 800 2463 n
819 2423 847 2456 τι
861 2405 904 2460 τὴν
917 2404 1045 2474 γιρονσίαν
1064 2405 1168 2474 ἐσέφερε.

157 2502 360 2574 Descrspuone.
382 2503 404 2556 1.
423 2520 447 2556 e.
465 2520 526 2556 non
547 2501 636 2557 modo
651 2499 855 2555 constituendo
873 2499 1019 2576 legionum
1037 2509 1066 2554 et
1083 2501 1168 2555 nuxi-

112 2593 222 2648 lionum
240 2612 379 2664 numero,
397 2593 440 2648 uti
459 2593 619 2665 Ernestius,
635 2593 686 2650 sed
700 2591 888 2665 disponendis
906 2591 990 2646 etiam
1005 2590 1055 2660 iis,
1069 2591 1168 2648 distri-

113 2684 299 2761 buendisque
317 2705 369 2761 per
389 2686 565 2760 provincias,
580 2686 702 2743 docente
718 2687 761 2742 Cl.
777 2686 863 2740 Hase.

160 2793 323 2864 Quondam.
344 2796 380 2850 A.
399 2796 436 2852 U.
453 2813 518 2865 770.

156 2887 253 2960 Εἶεν.
269 2883 342 2955 Dio,
357 2904 436 2956 nvn,
450 2904 480 2960 p.
501 2886 560 2953 614
580 2905 586 2940 τ
602 2895 699 2946 «Οὗτοι
712 2896 759 2965 γάρ
779 2913 816 2945 τοι
834 2899 916 2952 κακῶς
932 2887 1051 2954 διέκειτο,
1067 2893 1132 2945 ὦοτι
1143 2894 1166 2943 is

111 2979 261 3056 σκιμποδίῳ
283 2987 434 3057 nassovius)
454 2987 477 3046 tc
493 2988 521 3038 τὸ
535 2981 658 3057 συνέδριον
675 2988 860 3056 ίσνομιοθῆναι·
878 2985 1032 3054 νομιζόμενον
1052 2984 1099 3054 γάρ
1118 3003 1166 3036 πον

110 3077 159 3131 nei
180 3079 231 3138 τοῖς
251 3073 380 3150 ἀνδράσιν,
394 3083 422 3140 ἤν
442 3099 503 3132 noes
518 3079 555 3140 τίς
575 3081 655 3132 αὐτῶν
671 3079 776 3138 istisin
791 3079 851 3146 ίχων
869 3077 948 3129 desios
963 3077 1037 3141 isius,
1050 3077 1168 3129 κατακνί-

761 3164 765 3180 .

110 3191 186 3242 μονον
209 3173 282 3223 αὐτὸν
302 3174 451 3244 ίοφίριοθοι.

158 3270 227 3326 Cic.
244 3271 360 3327 XXXI.
377 3271 521 3327 censente.
537 3295 550 3322 n
560 3272 687 3327 Notunte
704 3271 745 3327 cl.
760 3272 839 3324 Hase
856 3267 1001 3342 participii
1020 3268 1167 3341 presentis

109 3381 171 3437 p1'0
191 3370 314 3441 ἀορίστῳ,
331 3372 364 3418 ut
378 3365 723 3436 Caes.,1.xv‚admonens,·
735 3374 763 3420 et
782 3372 951 3436 ἀνακόλουθον,
960 3361 1039 3437 apud
1054 3364 1168 3418 Graecos

109 3456 218 3530 scepius
233 3455 352 3511 obvium
366 3476 454 3532 quam
467 3458 547 3531 apud
560 3457 708 3514 Latinos.»

163 3563 318 3618 Trebianis.
332 3564 398 3620 Scil.
413 3564 514 3620 incolis
528 3565 654 3635 Trebiae,
668 3563 720 3639 qui
737 3559 819 3619 locus
832 3581 891 3617 non
913 3563 1036 3617 multum
1051 3562 1104 3616 fuis
1119 3561 1166 3617 di-

108 3667 192 3712 stans
206 3655 244 3711 ab
257 3656 336 3712 Urbe
352 3658 454 3713 Roma.

155 3761 375 3818 Discessionem.
395 3762 475 3834 Quid
496 3783 550 3838 per
567 3765 768 3820 discessionem
783 3763 819 3819 sit
842 3762 1058 3838 intelligendum
1076 3761 1168 3835 liquet

107 3874 150 3910 ex
164 3854 237 3910 Ptin.
255 3855 461 3928 Epist.,v1u,
479 3865 512 3925 ι4
530 3877 536 3911 :
552 3880 568 3908 u
582 3859 626 3913 Ita
639 3854 702 3912 fieri
718 3855 841 3929 jubebat
859 3857 922 3927 lex;
935 3855 987 3932 qui
1005 3857 1064 3912 haec
1077 3853 1167 3910 senti-

106 3949 164 4013 tis,
187 3947 218 4002 in
232 3947 305 4003 hanc
322 3959 451 4022 partem
473 3950 525 4026 qui
545 3950 598 4007 alia
613 3949 724 4022 omnia,
747 3950 777 4004 in
804 3949 882 4004 illam
904 3959 1015 4022 partem
1033 3949 1088 4018 ite,
1107 3965 1165 4028 que

109 4041 235 4098 sentitis.
249 4068 261 4094 ν

157 4131 250 4190 Traln'.
272 4135 338 4192 Seii.
354 4135 390 4192 de
404 4135 451 4191 die
470 4136 501 4191 in
515 4134 591 4191 diem
610 4133 694 4204 duci,
708 4134 824 4192 tardari.
