<?xml version="1.0" encoding="UTF-8"?>
<!DOCTYPE html PUBLIC "-//W3C//DTD XHTML 1.0 Transitional//EN"
    "http://www.w3.org/TR/xhtml1/DTD/xhtml1-transitional.dtd">
<html xmlns="http://www.w3.org/1999/xhtml" xml:lang="en" lang="en">
 <head>
  <title>
</title>
<meta http-equiv="Content-Type" content="text/html;charset=utf-8" />
  <meta name='ocr-system' content='tesseract 3.04.00' />
  <meta name='ocr-capabilities' content='ocr_page ocr_carea ocr_par ocr_line ocrx_word'/>
</head>
<body>
  <div class='ocr_page' id='page_1' title='image "./caiisuetonitran00grosgoog_0319.png"; bbox 0 0 3098 5446; ppageno 0'>
   <div class='ocr_carea' id='block_1_1' title="bbox 426 509 1061 579">
    <p class='ocr_par' dir='ltr' id='par_1_1' title="bbox 426 509 1061 579">
     <span class='ocr_line' id='line_1_1' title="bbox 426 509 1061 579; baseline -0.008 -9"><span class='ocrx_word' id='word_1_1' title='bbox 426 522 458 579; x_wconf 72' lang='lat' dir='ltr'>rt</span> <span class='ocrx_word' id='word_1_2' title='bbox 834 511 864 566; x_wconf 91' lang='lat' dir='ltr'>C.</span> <span class='ocrx_word' id='word_1_3' title='bbox 883 509 1061 568; x_wconf 71' lang='lat' dir='ltr'>strumum</span> 
     </span>
    </p>
   </div>
   <div class='ocr_carea' id='block_1_2' title="bbox 357 633 1475 4230">
    <p class='ocr_par' dir='ltr' id='par_1_2' title="bbox 357 633 1462 2666">
     <span class='ocr_line' id='line_1_2' title="bbox 423 633 1452 730; baseline -0.002 -22"><span class='ocrx_word' id='word_1_4' title='bbox 423 639 573 710; x_wconf 88' lang='lat' dir='ltr'>locorum</span> <span class='ocrx_word' id='word_1_5' title='bbox 591 635 759 708; x_wconf 89' lang='lat' dir='ltr'>retardati.</span> <span class='ocrx_word' id='word_1_6' title='bbox 779 633 956 730; x_wconf 78' lang='lat' dir='ltr'>lugulatus</span> <span class='ocrx_word' id='word_1_7' title='bbox 969 647 1018 706; x_wconf 85' lang='lat' dir='ltr'>est</span> <span class='ocrx_word' id='word_1_8' title='bbox 1035 634 1077 705; x_wconf 91' lang='lat' dir='ltr'>ad</span> <span class='ocrx_word' id='word_1_9' title='bbox 1092 633 1202 706; x_wconf 88' lang='lat' dir='ltr'>lacum</span> <span class='ocrx_word' id='word_1_10' title='bbox 1220 637 1350 724; x_wconf 90' lang='lat' dir='ltr'>Curtii,</span> <span class='ocrx_word' id='word_1_11' title='bbox 1366 661 1405 706; x_wconf 55' lang='lat' dir='ltr'>ac,</span> <span class='ocrx_word' id='word_1_12' title='bbox 1416 661 1452 706; x_wconf 85' lang='lat' dir='ltr'>re·</span> 
     </span>
     <span class='ocr_line' id='line_1_3' title="bbox 424 755 1454 853; baseline 0 -25"><span class='ocrx_word' id='word_1_13' title='bbox 424 759 521 830; x_wconf 91' lang='lat' dir='ltr'>lictus</span> <span class='ocrx_word' id='word_1_14' title='bbox 540 761 585 828; x_wconf 86' lang='lat' dir='ltr'>ita</span> <span class='ocrx_word' id='word_1_15' title='bbox 611 758 657 828; x_wconf 88' lang='lat' dir='ltr'>uti</span> <span class='ocrx_word' id='word_1_16' title='bbox 684 771 770 844; x_wconf 87' lang='lat' dir='ltr'>erat,</span> <span class='ocrx_word' id='word_1_17' title='bbox 791 755 897 826; x_wconf 88' lang='lat' dir='ltr'>donec</span> <span class='ocrx_word' id='word_1_18' title='bbox 922 757 1095 853; x_wconf 81' lang='lat' dir='ltr'>gregarius</span> <span class='ocrx_word' id='word_1_19' title='bbox 1119 755 1269 846; x_wconf 86' lang='lat' dir='ltr'>miles,a</span> <span class='ocrx_word' id='word_1_20' title='bbox 1289 757 1454 828; x_wconf 81' lang='lat' dir='ltr'>frumenta·</span> 
     </span>
     <span class='ocr_line' id='line_1_4' title="bbox 397 859 1456 973; baseline -0.002 -23"><span class='ocrx_word' id='word_1_21' title='bbox 397 859 398 864; x_wconf 6' lang='grc' dir='ltr'>ἵ</span> <span class='ocrx_word' id='word_1_22' title='bbox 423 882 514 950; x_wconf 88' lang='lat' dir='ltr'>tione</span> <span class='ocrx_word' id='word_1_23' title='bbox 532 878 679 968; x_wconf 88' lang='lat' dir='ltr'>rediens,</span> <span class='ocrx_word' id='word_1_24' title='bbox 698 877 829 973; x_wconf 87' lang='lat' dir='ltr'>abjecto</span> <span class='ocrx_word' id='word_1_25' title='bbox 840 901 943 948; x_wconf 91' lang='lat' dir='ltr'>onere</span> <span class='ocrx_word' id='word_1_26' title='bbox 957 891 1058 973; x_wconf 88' lang='lat' dir='ltr'>caput</span> <span class='ocrx_word' id='word_1_27' title='bbox 1073 879 1103 947; x_wconf 87' lang='lat' dir='ltr'>ei</span> <span class='ocrx_word' id='word_1_28' title='bbox 1120 880 1316 973; x_wconf 84' lang='lat' dir='ltr'>amputavit.</span> <span class='ocrx_word' id='word_1_29' title='bbox 1331 883 1374 950; x_wconf 87' lang='lat' dir='ltr'>Et</span> <span class='ocrx_word' id='word_1_30' title='bbox 1386 904 1456 973; x_wconf 90' lang='lat' dir='ltr'>quo·</span> 
     </span>
     <span class='ocr_line' id='line_1_5' title="bbox 423 988 1455 1096; baseline -0.002 -26"><span class='ocrx_word' id='word_1_31' title='bbox 423 988 513 1070; x_wconf 85' lang='lat' dir='ltr'>niam</span> <span class='ocrx_word' id='word_1_32' title='bbox 531 998 651 1096; x_wconf 81' lang='lat' dir='ltr'>capillo</span> <span class='ocrx_word' id='word_1_33' title='bbox 670 1025 738 1095; x_wconf 86' lang='lat' dir='ltr'>prae</span> <span class='ocrx_word' id='word_1_34' title='bbox 759 997 891 1070; x_wconf 84' lang='lat' dir='ltr'>calvitie</span> <span class='ocrx_word' id='word_1_35' title='bbox 907 999 1055 1094; x_wconf 81' lang='lat' dir='ltr'><strong>arripere</strong></span> <span class='ocrx_word' id='word_1_36' title='bbox 1078 1023 1146 1068; x_wconf 92' lang='lat' dir='ltr'>non</span> <span class='ocrx_word' id='word_1_37' title='bbox 1168 1013 1322 1094; x_wconf 86' lang='lat' dir='ltr'>poterat,</span> <span class='ocrx_word' id='word_1_38' title='bbox 1339 989 1373 1069; x_wconf 94' lang='lat' dir='ltr'>in</span> <span class='ocrx_word' id='word_1_39' title='bbox 1394 1024 1455 1095; x_wconf 79' lang='lat' dir='ltr'>gre</span> 
     </span>
     <span class='ocr_line' id='line_1_6' title="bbox 422 1117 1454 1216; baseline -0.001 -26"><span class='ocrx_word' id='word_1_40' title='bbox 422 1122 525 1192; x_wconf 89' lang='lat' dir='ltr'>mium</span> <span class='ocrx_word' id='word_1_41' title='bbox 540 1118 669 1190; x_wconf 88' lang='lat' dir='ltr'>abdidit</span> <span class='ocrx_word' id='word_1_42' title='bbox 682 1145 691 1189; x_wconf 73' lang='lat' dir='ltr'>a</span> <span class='ocrx_word' id='word_1_43' title='bbox 705 1144 803 1208; x_wconf 86' lang='lat' dir='ltr'>mox,</span> <span class='ocrx_word' id='word_1_44' title='bbox 823 1120 949 1190; x_wconf 88' lang='lat' dir='ltr'>inserto</span> <span class='ocrx_word' id='word_1_45' title='bbox 963 1143 1026 1214; x_wconf 87' lang='lat' dir='ltr'>per</span> <span class='ocrx_word' id='word_1_46' title='bbox 1036 1143 1073 1189; x_wconf 87' lang='lat' dir='ltr'>os</span> <span class='ocrx_word' id='word_1_47' title='bbox 1086 1117 1225 1216; x_wconf 80' lang='lat' dir='ltr'>pollice,</span> <span class='ocrx_word' id='word_1_48' title='bbox 1240 1119 1282 1190; x_wconf 89' lang='lat' dir='ltr'>ad</span> <span class='ocrx_word' id='word_1_49' title='bbox 1295 1119 1454 1190; x_wconf 81' lang='lat' dir='ltr'><strong>Othonem</strong></span> 
     </span>
     <span class='ocr_line' id='line_1_7' title="bbox 422 1238 1458 1336; baseline -0.004 -23"><span class='ocrx_word' id='word_1_50' title='bbox 422 1241 557 1316; x_wconf 87' lang='lat' dir='ltr'>detulit.</span> <span class='ocrx_word' id='word_1_51' title='bbox 578 1240 640 1312; x_wconf 89' lang='lat' dir='ltr'>llle</span> <span class='ocrx_word' id='word_1_52' title='bbox 661 1240 736 1310; x_wconf 83' lang='lat' dir='ltr'>lixis</span> <span class='ocrx_word' id='word_1_53' title='bbox 758 1238 999 1335; x_wconf 83' lang='lat' dir='ltr'>calonibusque</span> <span class='ocrx_word' id='word_1_54' title='bbox 1019 1239 1158 1311; x_wconf 73' lang='lat' dir='ltr'>donamt</span> <span class='ocrx_word' id='word_1_55' title='bbox 1176 1267 1185 1310; x_wconf 74' lang='grc' dir='ltr'><strong><em>ε</em></strong></span> <span class='ocrx_word' id='word_1_56' title='bbox 1203 1243 1261 1336; x_wconf 85' lang='lat' dir='ltr'>qui</span> <span class='ocrx_word' id='word_1_57' title='bbox 1282 1243 1376 1311; x_wconf 86' lang='lat' dir='ltr'>hasta</span> <span class='ocrx_word' id='word_1_58' title='bbox 1402 1241 1458 1312; x_wconf 83' lang='lat' dir='ltr'>sul</span> 
     </span>
     <span class='ocr_line' id='line_1_8' title="bbox 422 1359 1458 1458; baseline -0.001 -24"><span class='ocrx_word' id='word_1_59' title='bbox 422 1365 547 1453; x_wconf 82' lang='lat' dir='ltr'>lixum,</span> <span class='ocrx_word' id='word_1_60' title='bbox 567 1388 636 1434; x_wconf 93' lang='lat' dir='ltr'>non</span> <span class='ocrx_word' id='word_1_61' title='bbox 653 1364 725 1432; x_wconf 89' lang='lat' dir='ltr'>sine</span> <span class='ocrx_word' id='word_1_62' title='bbox 751 1359 897 1432; x_wconf 84' lang='lat' dir='ltr'>ludibrio</span> <span class='ocrx_word' id='word_1_63' title='bbox 919 1363 1045 1432; x_wconf 87' lang='lat' dir='ltr'>circum</span> <span class='ocrx_word' id='word_1_64' title='bbox 1069 1378 1176 1432; x_wconf 86' lang='lat' dir='ltr'>castra</span> <span class='ocrx_word' id='word_1_65' title='bbox 1200 1377 1396 1458; x_wconf 91' lang='lat' dir='ltr'>portarunt,</span> <span class='ocrx_word' id='word_1_66' title='bbox 1414 1387 1458 1433; x_wconf 89' lang='lat' dir='ltr'>ac·</span> 
     </span>
     <span class='ocr_line' id='line_1_9' title="bbox 422 1481 1457 1579; baseline -0.001 -23"><span class='ocrx_word' id='word_1_67' title='bbox 422 1484 604 1556; x_wconf 85' lang='lat' dir='ltr'>clamantes</span> <span class='ocrx_word' id='word_1_68' title='bbox 637 1483 841 1573; x_wconf 83' lang='lat' dir='ltr'>identidem,</span> <span class='ocrx_word' id='word_1_69' title='bbox 867 1482 1031 1570; x_wconf 73' lang='lat' dir='ltr'>«Galba,</span> <span class='ocrx_word' id='word_1_70' title='bbox 1065 1481 1187 1579; x_wconf 80' lang='lat' dir='ltr'>cupide</span> <span class='ocrx_word' id='word_1_71' title='bbox 1218 1483 1339 1555; x_wconf 82' lang='lat' dir='ltr'>fruaris</span> <span class='ocrx_word' id='word_1_72' title='bbox 1368 1499 1457 1556; x_wconf 78' lang='lat' dir='ltr'>aetate</span> 
     </span>
     <span class='ocr_line' id='line_1_10' title="bbox 424 1602 1459 1700; baseline 0 -24"><span class='ocrx_word' id='word_1_73' title='bbox 424 1611 532 1698; x_wconf 78' lang='lat' dir='ltr'>tua&#39;;»</span> <span class='ocrx_word' id='word_1_74' title='bbox 551 1609 693 1678; x_wconf 87' lang='lat' dir='ltr'>maxime</span> <span class='ocrx_word' id='word_1_75' title='bbox 720 1605 843 1675; x_wconf 87' lang='lat' dir='ltr'>irritati</span> <span class='ocrx_word' id='word_1_76' title='bbox 866 1605 908 1674; x_wconf 90' lang='lat' dir='ltr'>ad</span> <span class='ocrx_word' id='word_1_77' title='bbox 934 1602 1035 1676; x_wconf 88' lang='lat' dir='ltr'>talem</span> <span class='ocrx_word' id='word_1_78' title='bbox 1054 1605 1208 1700; x_wconf 88' lang='lat' dir='ltr'>jocorum</span> <span class='ocrx_word' id='word_1_79' title='bbox 1229 1603 1459 1700; x_wconf 88' lang='lat' dir='ltr'>petulantiam,</span> 
     </span>
     <span class='ocr_line' id='line_1_11' title="bbox 423 1724 1460 1823; baseline -0.004 -25"><span class='ocrx_word' id='word_1_80' title='bbox 423 1728 515 1823; x_wconf 88' lang='lat' dir='ltr'>quod</span> <span class='ocrx_word' id='word_1_81' title='bbox 535 1743 614 1798; x_wconf 88' lang='lat' dir='ltr'>ante</span> <span class='ocrx_word' id='word_1_82' title='bbox 637 1751 761 1823; x_wconf 88' lang='lat' dir='ltr'>paucos</span> <span class='ocrx_word' id='word_1_83' title='bbox 778 1727 848 1796; x_wconf 88' lang='lat' dir='ltr'>dies</span> <span class='ocrx_word' id='word_1_84' title='bbox 866 1727 992 1796; x_wconf 83' lang='lat' dir='ltr'>exierat</span> <span class='ocrx_word' id='word_1_85' title='bbox 1013 1725 1047 1794; x_wconf 95' lang='lat' dir='ltr'>in</span> <span class='ocrx_word' id='word_1_86' title='bbox 1068 1724 1209 1821; x_wconf 83' lang='lat' dir='ltr'>vulgus,</span> <span class='ocrx_word' id='word_1_87' title='bbox 1228 1724 1378 1797; x_wconf 83' lang='lat' dir='ltr'>laudanti</span> <span class='ocrx_word' id='word_1_88' title='bbox 1398 1728 1460 1797; x_wconf 89' lang='lat' dir='ltr'>oui·</span> 
     </span>
     <span class='ocr_line' id='line_1_12' title="bbox 422 1844 1459 1952; baseline -0.002 -34"><span class='ocrx_word' id='word_1_89' title='bbox 422 1847 499 1918; x_wconf 85' lang='lat' dir='ltr'>dam</span> <span class='ocrx_word' id='word_1_90' title='bbox 518 1847 660 1918; x_wconf 81' lang='lat' dir='ltr'>formam</span> <span class='ocrx_word' id='word_1_91' title='bbox 677 1871 792 1932; x_wconf 86' lang='lat' dir='ltr'>suam,</span> <span class='ocrx_word' id='word_1_92' title='bbox 810 1861 846 1916; x_wconf 89' lang='lat' dir='ltr'>ut</span> <span class='ocrx_word' id='word_1_93' title='bbox 870 1844 980 1952; x_wconf 78' lang='lat' dir='ltr'>adhuc</span> <span class='ocrx_word' id='word_1_94' title='bbox 1000 1844 1153 1915; x_wconf 86' lang='lat' dir='ltr'>floridam</span> <span class='ocrx_word' id='word_1_95' title='bbox 1171 1861 1205 1915; x_wconf 90' lang='lat' dir='ltr'>et</span> <span class='ocrx_word' id='word_1_96' title='bbox 1222 1861 1393 1942; x_wconf 84' lang='lat' dir='ltr'>vegetam,</span> <span class='ocrx_word' id='word_1_97' title='bbox 1415 1871 1459 1916; x_wconf 86' lang='lat' dir='ltr'>re·</span> 
     </span>
     <span class='ocr_line' id='line_1_13' title="bbox 420 1956 1460 2064; baseline -0.001 -26"><span class='ocrx_word' id='word_1_98' title='bbox 420 1969 594 2064; x_wconf 85' lang='lat' dir='ltr'>spondisse</span> <span class='ocrx_word' id='word_1_99' title='bbox 609 1991 702 2046; x_wconf 85' lang='lat' dir='ltr'>eum,</span> <span class='ocrx_word' id='word_1_100' title='bbox 714 1961 759 2037; x_wconf 72' lang='grc' dir='ltr'>’ἔτι</span> <span class='ocrx_word' id='word_1_101' title='bbox 775 1993 833 2055; x_wconf 76' lang='grc' dir='ltr'>μοι</span> <span class='ocrx_word' id='word_1_102' title='bbox 849 1958 947 2053; x_wconf 65' lang='lat' dir='ltr'>palate</span> <span class='ocrx_word' id='word_1_103' title='bbox 958 1956 1100 2056; x_wconf 65' lang='grc' dir='ltr'>ἐ’μπεὲἒν</span> <span class='ocrx_word' id='word_1_104' title='bbox 1112 1965 1205 2036; x_wconf 79' lang='grc' dir='ltr'><strong><em>ἐστιν.</em></strong></span> <span class='ocrx_word' id='word_1_105' title='bbox 1224 1967 1275 2036; x_wconf 82' lang='lat' dir='ltr'>Ab</span> <span class='ocrx_word' id='word_1_106' title='bbox 1287 1967 1341 2036; x_wconf 86' lang='lat' dir='ltr'>his</span> <span class='ocrx_word' id='word_1_107' title='bbox 1355 1970 1460 2037; x_wconf 78' lang='lat' dir='ltr'>Palm·</span> 
     </span>
     <span class='ocr_line' id='line_1_14' title="bbox 357 2086 1460 2170; baseline -0.003 -11"><span class='ocrx_word' id='word_1_108' title='bbox 357 2133 362 2142; x_wconf 90' lang='lat'>·</span> <span class='ocrx_word' id='word_1_109' title='bbox 419 2090 466 2159; x_wconf 90' lang='lat' dir='ltr'>bii</span> <span class='ocrx_word' id='word_1_110' title='bbox 497 2088 684 2160; x_wconf 85' lang='lat' dir='ltr'>Neroniani</span> <span class='ocrx_word' id='word_1_111' title='bbox 715 2086 852 2157; x_wconf 89' lang='lat' dir='ltr'>libertus</span> <span class='ocrx_word' id='word_1_112' title='bbox 881 2102 1017 2157; x_wconf 88' lang='lat' dir='ltr'>centum</span> <span class='ocrx_word' id='word_1_113' title='bbox 1051 2089 1161 2158; x_wconf 88' lang='lat' dir='ltr'>aureis</span> <span class='ocrx_word' id='word_1_114' title='bbox 1194 2087 1397 2170; x_wconf 89' lang='lat' dir='ltr'>redemtum,</span> <span class='ocrx_word' id='word_1_115' title='bbox 1425 2114 1460 2157; x_wconf 87' lang='lat' dir='ltr'>eo</span> 
     </span>
     <span class='ocr_line' id='line_1_15' title="bbox 420 2205 1460 2303; baseline -0.002 -23"><span class='ocrx_word' id='word_1_116' title='bbox 420 2211 494 2280; x_wconf 90' lang='lat' dir='ltr'>loco</span> <span class='ocrx_word' id='word_1_117' title='bbox 504 2261 513 2298; x_wconf 96' lang='lat'>,</span> <span class='ocrx_word' id='word_1_118' title='bbox 525 2207 583 2278; x_wconf 90' lang='lat' dir='ltr'>ubi</span> <span class='ocrx_word' id='word_1_119' title='bbox 599 2208 695 2302; x_wconf 89' lang='lat' dir='ltr'>jussu</span> <span class='ocrx_word' id='word_1_120' title='bbox 708 2205 826 2279; x_wconf 78' lang='lat' dir='ltr'>Galbae</span> <span class='ocrx_word' id='word_1_121' title='bbox 841 2207 1110 2278; x_wconf 85' lang='lat' dir='ltr'>animadversum</span> <span class='ocrx_word' id='word_1_122' title='bbox 1127 2209 1161 2277; x_wconf 91' lang='lat' dir='ltr'>in</span> <span class='ocrx_word' id='word_1_123' title='bbox 1175 2225 1354 2303; x_wconf 87' lang='lat' dir='ltr'>patronum</span> <span class='ocrx_word' id='word_1_124' title='bbox 1367 2233 1460 2280; x_wconf 90' lang='lat' dir='ltr'>suum</span> 
     </span>
     <span class='ocr_line' id='line_1_16' title="bbox 419 2327 1461 2424; baseline 0 -24"><span class='ocrx_word' id='word_1_125' title='bbox 419 2330 546 2418; x_wconf 87' lang='lat' dir='ltr'>fuerat,</span> <span class='ocrx_word' id='word_1_126' title='bbox 565 2327 696 2423; x_wconf 89' lang='lat' dir='ltr'>abjecit.</span> <span class='ocrx_word' id='word_1_127' title='bbox 714 2329 797 2397; x_wconf 86' lang='lat' dir='ltr'>Sero</span> <span class='ocrx_word' id='word_1_128' title='bbox 810 2327 945 2410; x_wconf 88' lang='lat' dir='ltr'>tandem</span> <span class='ocrx_word' id='word_1_129' title='bbox 964 2328 1174 2424; x_wconf 83' lang='lat' dir='ltr'>dispensator</span> <span class='ocrx_word' id='word_1_130' title='bbox 1192 2331 1333 2424; x_wconf 82' lang='lat' dir='ltr'>Argius,</span> <span class='ocrx_word' id='word_1_131' title='bbox 1352 2344 1386 2400; x_wconf 88' lang='lat' dir='ltr'>et</span> <span class='ocrx_word' id='word_1_132' title='bbox 1402 2331 1461 2400; x_wconf 92' lang='lat' dir='ltr'>hoc</span> 
     </span>
     <span class='ocr_line' id='line_1_17' title="bbox 419 2449 1462 2542; baseline 0 -22"><span class='ocrx_word' id='word_1_133' title='bbox 419 2465 453 2520; x_wconf 90' lang='lat' dir='ltr'>et</span> <span class='ocrx_word' id='word_1_134' title='bbox 472 2465 621 2520; x_wconf 89' lang='lat' dir='ltr'>cetorum</span> <span class='ocrx_word' id='word_1_135' title='bbox 640 2463 798 2519; x_wconf 79' lang='lat' dir='ltr'>mancum</span> <span class='ocrx_word' id='word_1_136' title='bbox 817 2449 851 2517; x_wconf 91' lang='lat' dir='ltr'>in</span> <span class='ocrx_word' id='word_1_137' title='bbox 868 2449 1008 2542; x_wconf 88' lang='lat' dir='ltr'>privatis</span> <span class='ocrx_word' id='word_1_138' title='bbox 1026 2450 1098 2542; x_wconf 87' lang='lat' dir='ltr'>ejus</span> <span class='ocrx_word' id='word_1_139' title='bbox 1116 2449 1225 2520; x_wconf 86' lang='lat' dir='ltr'>bortis</span> <span class='ocrx_word' id='word_1_140' title='bbox 1241 2449 1386 2522; x_wconf 74' lang='lat' dir='ltr'>Aureliae</span> <span class='ocrx_word' id='word_1_141' title='bbox 1406 2453 1462 2520; x_wconf 83' lang='lat' dir='ltr'>viae</span> 
     </span>
     <span class='ocr_line' id='line_1_18' title="bbox 419 2568 716 2666; baseline -0.003 -26"><span class='ocrx_word' id='word_1_142' title='bbox 419 2568 597 2666; x_wconf 72' lang='lat' dir='ltr'>sepulture</span> <span class='ocrx_word' id='word_1_143' title='bbox 614 2569 716 2640; x_wconf 79' lang='lat' dir='ltr'>dedit</span> 
     </span>
    </p>

    <p class='ocr_par' dir='ltr' id='par_1_3' title="bbox 419 2690 1469 3392">
     <span class='ocr_line' id='line_1_19' title="bbox 467 2690 1463 2788; baseline 0 -26"><span class='ocrx_word' id='word_1_144' title='bbox 467 2695 560 2764; x_wconf 82' lang='lat' dir='ltr'><strong>XXI.</strong></span> <span class='ocrx_word' id='word_1_145' title='bbox 585 2693 718 2763; x_wconf 75' lang='lat' dir='ltr'>Statura</span> <span class='ocrx_word' id='word_1_146' title='bbox 739 2691 803 2762; x_wconf 86' lang='lat' dir='ltr'>luit</span> <span class='ocrx_word' id='word_1_147' title='bbox 816 2693 931 2786; x_wconf 88' lang='lat' dir='ltr'>justa,</span> <span class='ocrx_word' id='word_1_148' title='bbox 948 2693 1057 2786; x_wconf 84' lang='lat' dir='ltr'>capite</span> <span class='ocrx_word' id='word_1_149' title='bbox 1076 2690 1261 2788; x_wconf 77' lang='lat' dir='ltr'>precalvo,</span> <span class='ocrx_word' id='word_1_150' title='bbox 1278 2691 1386 2763; x_wconf 88' lang='lat' dir='ltr'>oculis</span> <span class='ocrx_word' id='word_1_151' title='bbox 1406 2717 1463 2762; x_wconf 78' lang='lat' dir='ltr'>ca·</span> 
     </span>
     <span class='ocr_line' id='line_1_20' title="bbox 419 2810 1464 2908; baseline -0.002 -25"><span class='ocrx_word' id='word_1_152' title='bbox 419 2811 546 2895; x_wconf 88' lang='lat' dir='ltr'>ruleis,</span> <span class='ocrx_word' id='word_1_153' title='bbox 579 2810 710 2884; x_wconf 89' lang='lat' dir='ltr'>adunco</span> <span class='ocrx_word' id='word_1_154' title='bbox 743 2837 844 2898; x_wconf 88' lang='lat' dir='ltr'>naso,</span> <span class='ocrx_word' id='word_1_155' title='bbox 871 2813 1025 2883; x_wconf 88' lang='lat' dir='ltr'>manibus</span> <span class='ocrx_word' id='word_1_156' title='bbox 1055 2811 1262 2908; x_wconf 85' lang='lat' dir='ltr'>pedibusque</span> <span class='ocrx_word' id='word_1_157' title='bbox 1297 2813 1464 2884; x_wconf 82' lang='lat' dir='ltr'>articulari</span> 
     </span>
     <span class='ocr_line' id='line_1_21' title="bbox 419 2929 1466 3029; baseline 0 -27"><span class='ocrx_word' id='word_1_158' title='bbox 419 2933 538 3012; x_wconf 87' lang='lat' dir='ltr'>morbo</span> <span class='ocrx_word' id='word_1_159' title='bbox 557 2931 813 3021; x_wconf 84' lang='lat' dir='ltr'>distortissimis,</span> <span class='ocrx_word' id='word_1_160' title='bbox 834 2947 872 3002; x_wconf 90' lang='lat' dir='ltr'>ut</span> <span class='ocrx_word' id='word_1_161' title='bbox 889 2957 997 3028; x_wconf 88' lang='lat' dir='ltr'>neque</span> <span class='ocrx_word' id='word_1_162' title='bbox 1015 2929 1165 3003; x_wconf 90' lang='lat' dir='ltr'>calceum</span> <span class='ocrx_word' id='word_1_163' title='bbox 1184 2935 1334 3029; x_wconf 88' lang='lat' dir='ltr'>perpeti,</span> <span class='ocrx_word' id='word_1_164' title='bbox 1359 2958 1466 3028; x_wconf 90' lang='lat' dir='ltr'>neque</span> 
     </span>
     <span class='ocr_line' id='line_1_22' title="bbox 422 3049 1467 3140; baseline -0.003 -17"><span class='ocrx_word' id='word_1_165' title='bbox 422 3051 552 3123; x_wconf 86' lang='lat' dir='ltr'>libellos</span> <span class='ocrx_word' id='word_1_166' title='bbox 568 3049 740 3140; x_wconf 85' lang='lat' dir='ltr'>evolvere,</span> <span class='ocrx_word' id='word_1_167' title='bbox 755 3068 814 3123; x_wconf 90' lang='lat' dir='ltr'>aut</span> <span class='ocrx_word' id='word_1_168' title='bbox 830 3067 942 3124; x_wconf 88' lang='lat' dir='ltr'>tenere</span> <span class='ocrx_word' id='word_1_169' title='bbox 956 3055 1096 3124; x_wconf 88' lang='lat' dir='ltr'>omnino</span> <span class='ocrx_word' id='word_1_170' title='bbox 1114 3053 1249 3124; x_wconf 88' lang='lat' dir='ltr'>valeret.</span> <span class='ocrx_word' id='word_1_171' title='bbox 1267 3057 1467 3124; x_wconf 78' lang='lat' dir='ltr'>Excreverat</span> 
     </span>
     <span class='ocr_line' id='line_1_23' title="bbox 420 3171 1469 3270; baseline -0.002 -26"><span class='ocrx_word' id='word_1_172' title='bbox 420 3174 521 3244; x_wconf 87' lang='lat' dir='ltr'>etiam</span> <span class='ocrx_word' id='word_1_173' title='bbox 545 3174 580 3242; x_wconf 89' lang='lat' dir='ltr'>in</span> <span class='ocrx_word' id='word_1_174' title='bbox 605 3171 793 3244; x_wconf 81' lang='lat' dir='ltr'>dexteriore</span> <span class='ocrx_word' id='word_1_175' title='bbox 818 3172 922 3244; x_wconf 86' lang='lat' dir='ltr'>latere</span> <span class='ocrx_word' id='word_1_176' title='bbox 948 3173 1020 3268; x_wconf 87' lang='lat' dir='ltr'>ejus</span> <span class='ocrx_word' id='word_1_177' title='bbox 1043 3199 1141 3264; x_wconf 88' lang='lat' dir='ltr'>caro,</span> <span class='ocrx_word' id='word_1_178' title='bbox 1166 3175 1469 3270; x_wconf 76' lang='lat' dir='ltr'>praependebatque</span> 
     </span>
     <span class='ocr_line' id='line_1_24' title="bbox 421 3291 1115 3392; baseline 0.004 -30"><span class='ocrx_word' id='word_1_179' title='bbox 421 3291 523 3380; x_wconf 89' lang='lat' dir='ltr'>adeo,</span> <span class='ocrx_word' id='word_1_180' title='bbox 544 3307 582 3362; x_wconf 90' lang='lat' dir='ltr'>ut</span> <span class='ocrx_word' id='word_1_181' title='bbox 597 3317 684 3388; x_wconf 75' lang='lat' dir='ltr'>aegre</span> <span class='ocrx_word' id='word_1_182' title='bbox 702 3293 801 3364; x_wconf 84' lang='lat' dir='ltr'>fascia</span> <span class='ocrx_word' id='word_1_183' title='bbox 820 3295 1115 3392; x_wconf 82' lang='lat' dir='ltr'>substringeretur.</span> 
     </span>
    </p>

    <p class='ocr_par' dir='ltr' id='par_1_4' title="bbox 420 3413 1475 4230">
     <span class='ocr_line' id='line_1_25' title="bbox 469 3413 1471 3512; baseline 0.002 -30"><span class='ocrx_word' id='word_1_184' title='bbox 469 3413 577 3484; x_wconf 80' lang='lat' dir='ltr'><strong>XXII.</strong></span> <span class='ocrx_word' id='word_1_185' title='bbox 599 3414 674 3486; x_wconf 92' lang='lat' dir='ltr'>Cibi</span> <span class='ocrx_word' id='word_1_186' title='bbox 692 3413 829 3510; x_wconf 91' lang='lat' dir='ltr'>plurimi</span> <span class='ocrx_word' id='word_1_187' title='bbox 850 3415 1006 3505; x_wconf 90' lang='lat' dir='ltr'>traditur,</span> <span class='ocrx_word' id='word_1_188' title='bbox 1027 3441 1129 3512; x_wconf 90' lang='lat' dir='ltr'>quem</span> <span class='ocrx_word' id='word_1_189' title='bbox 1152 3431 1303 3512; x_wconf 88' lang='lat' dir='ltr'>tempore</span> <span class='ocrx_word' id='word_1_190' title='bbox 1325 3417 1471 3488; x_wconf 87' lang='lat' dir='ltr'>hiberno</span> 
     </span>
     <span class='ocr_line' id='line_1_26' title="bbox 420 3533 1471 3631; baseline 0.004 -29"><span class='ocrx_word' id='word_1_191' title='bbox 420 3535 521 3604; x_wconf 87' lang='lat' dir='ltr'>etiam</span> <span class='ocrx_word' id='word_1_192' title='bbox 541 3550 618 3604; x_wconf 88' lang='lat' dir='ltr'>ante</span> <span class='ocrx_word' id='word_1_193' title='bbox 641 3533 751 3606; x_wconf 90' lang='lat' dir='ltr'>lucem</span> <span class='ocrx_word' id='word_1_194' title='bbox 774 3561 894 3631; x_wconf 88' lang='lat' dir='ltr'>capere</span> <span class='ocrx_word' id='word_1_195' title='bbox 916 3554 1116 3608; x_wconf 88' lang='lat' dir='ltr'>consuerat:</span> <span class='ocrx_word' id='word_1_196' title='bbox 1135 3539 1224 3608; x_wconf 86' lang='lat' dir='ltr'>inter</span> <span class='ocrx_word' id='word_1_197' title='bbox 1244 3563 1372 3608; x_wconf 84' lang='lat' dir='ltr'>coenam</span> <span class='ocrx_word' id='word_1_198' title='bbox 1390 3561 1471 3606; x_wconf 86' lang='lat' dir='ltr'>vero</span> 
     </span>
     <span class='ocr_line' id='line_1_27' title="bbox 421 3655 1472 3754; baseline 0.001 -31"><span class='ocrx_word' id='word_1_199' title='bbox 421 3679 527 3747; x_wconf 92' lang='lat' dir='ltr'>usque</span> <span class='ocrx_word' id='word_1_200' title='bbox 540 3680 579 3724; x_wconf 89' lang='lat' dir='ltr'>eo</span> <span class='ocrx_word' id='word_1_201' title='bbox 593 3655 811 3744; x_wconf 89' lang='lat' dir='ltr'>abundantis,</span> <span class='ocrx_word' id='word_1_202' title='bbox 829 3672 866 3726; x_wconf 91' lang='lat' dir='ltr'>nt</span> <span class='ocrx_word' id='word_1_203' title='bbox 882 3673 1055 3752; x_wconf 83' lang='lat' dir='ltr'>congestas</span> <span class='ocrx_word' id='word_1_204' title='bbox 1070 3683 1169 3754; x_wconf 85' lang='lat' dir='ltr'>super</span> <span class='ocrx_word' id='word_1_205' title='bbox 1179 3683 1298 3728; x_wconf 85' lang='lat' dir='ltr'>manus</span> <span class='ocrx_word' id='word_1_206' title='bbox 1310 3657 1472 3752; x_wconf 85' lang='lat' dir='ltr'>reliquias</span> 
     </span>
     <span class='ocr_line' id='line_1_28' title="bbox 420 3775 1474 3872; baseline 0.002 -28"><span class='ocrx_word' id='word_1_207' title='bbox 420 3775 627 3844; x_wconf 86' lang='lat' dir='ltr'>circumferri</span> <span class='ocrx_word' id='word_1_208' title='bbox 644 3776 792 3869; x_wconf 85' lang='lat' dir='ltr'>juberet,</span> <span class='ocrx_word' id='word_1_209' title='bbox 807 3779 986 3872; x_wconf 81' lang='lat' dir='ltr'>spargique</span> <span class='ocrx_word' id='word_1_210' title='bbox 1004 3777 1047 3847; x_wconf 87' lang='lat' dir='ltr'>ad</span> <span class='ocrx_word' id='word_1_211' title='bbox 1066 3779 1166 3872; x_wconf 82' lang='lat' dir='ltr'>pedes</span> <span class='ocrx_word' id='word_1_212' title='bbox 1181 3777 1357 3849; x_wconf 87' lang='lat' dir='ltr'>stantibus.</span> <span class='ocrx_word' id='word_1_213' title='bbox 1377 3777 1474 3847; x_wconf 91' lang='lat' dir='ltr'>Libi-</span> 
     </span>
     <span class='ocr_line' id='line_1_29' title="bbox 421 3895 1474 3994; baseline 0.005 -32"><span class='ocrx_word' id='word_1_214' title='bbox 421 3895 507 3966; x_wconf 90' lang='lat' dir='ltr'>dinis</span> <span class='ocrx_word' id='word_1_215' title='bbox 521 3897 555 3963; x_wconf 91' lang='lat' dir='ltr'>in</span> <span class='ocrx_word' id='word_1_216' title='bbox 569 3921 676 3966; x_wconf 88' lang='lat' dir='ltr'>mares</span> <span class='ocrx_word' id='word_1_217' title='bbox 689 3899 873 3991; x_wconf 91' lang='lat' dir='ltr'>pronioris,</span> <span class='ocrx_word' id='word_1_218' title='bbox 889 3913 921 3966; x_wconf 87' lang='lat' dir='ltr'>et</span> <span class='ocrx_word' id='word_1_219' title='bbox 935 3923 1007 3986; x_wconf 91' lang='lat' dir='ltr'>eos,</span> <span class='ocrx_word' id='word_1_220' title='bbox 1021 3924 1089 3968; x_wconf 89' lang='lat' dir='ltr'>non</span> <span class='ocrx_word' id='word_1_221' title='bbox 1108 3901 1169 3968; x_wconf 90' lang='lat' dir='ltr'>nisi</span> <span class='ocrx_word' id='word_1_222' title='bbox 1187 3897 1375 3994; x_wconf 79' lang='lat' dir='ltr'>praeduros,</span> <span class='ocrx_word' id='word_1_223' title='bbox 1390 3923 1474 3967; x_wconf 81' lang='lat' dir='ltr'>exo-</span> 
     </span>
     <span class='ocr_line' id='line_1_30' title="bbox 422 4013 1474 4112; baseline 0.003 -30"><span class='ocrx_word' id='word_1_224' title='bbox 422 4013 581 4109; x_wconf 89' lang='lat' dir='ltr'>letosque.</span> <span class='ocrx_word' id='word_1_225' title='bbox 614 4017 798 4105; x_wconf 82' lang='lat' dir='ltr'>Ferebant,</span> <span class='ocrx_word' id='word_1_226' title='bbox 832 4019 865 4086; x_wconf 94' lang='lat' dir='ltr'>in</span> <span class='ocrx_word' id='word_1_227' title='bbox 900 4019 1058 4112; x_wconf 87' lang='lat' dir='ltr'>Hispania</span> <span class='ocrx_word' id='word_1_228' title='bbox 1090 4018 1216 4089; x_wconf 89' lang='lat' dir='ltr'>Icelum</span> <span class='ocrx_word' id='word_1_229' title='bbox 1252 4045 1271 4088; x_wconf 91' lang='lat' dir='ltr'>e</span> <span class='ocrx_word' id='word_1_230' title='bbox 1302 4017 1474 4090; x_wconf 89' lang='lat' dir='ltr'>veteribus</span> 
     </span>
     <span class='ocr_line' id='line_1_31' title="bbox 421 4137 1475 4230; baseline 0.002 -28"><span class='ocrx_word' id='word_1_231' title='bbox 421 4137 637 4226; x_wconf 86' lang='lat' dir='ltr'>concubinis,</span> <span class='ocrx_word' id='word_1_232' title='bbox 659 4137 701 4207; x_wconf 91' lang='lat' dir='ltr'>de</span> <span class='ocrx_word' id='word_1_233' title='bbox 726 4140 869 4208; x_wconf 86' lang='lat' dir='ltr'>Neronis</span> <span class='ocrx_word' id='word_1_234' title='bbox 894 4139 984 4208; x_wconf 81' lang='lat' dir='ltr'>exitu</span> <span class='ocrx_word' id='word_1_235' title='bbox 1014 4140 1246 4230; x_wconf 83' lang='lat' dir='ltr'>nunciantcm,</span> <span class='ocrx_word' id='word_1_236' title='bbox 1274 4165 1340 4208; x_wconf 90' lang='lat' dir='ltr'>nou</span> <span class='ocrx_word' id='word_1_237' title='bbox 1363 4137 1475 4206; x_wconf 88' lang='lat' dir='ltr'>modo</span> 
     </span>
    </p>
   </div>
   <div class='ocr_carea' id='block_1_3' title="bbox 0 0 1565 5444">
    <p class='ocr_par' dir='ltr' id='par_1_5' title="bbox 0 0 1565 5444">
     <span class='ocr_line' id='line_1_32' title="bbox 0 0 1565 5444; baseline 0 0"><span class='ocrx_word' id='word_1_238' title='bbox 0 0 1565 5444; x_wconf 95' lang='lat' dir='ltr'> </span> 
     </span>
    </p>
   </div>
  </div>
 </body>
</html>
