3164 5442
407 510 466 548 neo
878 491 993 548 NOTAE

405 607 479 662 tium
496 604 630 661 Sallustio
645 605 763 679 Crispo,
777 605 825 660 ille
838 623 853 660 e
867 604 1019 661 clientibus
1032 604 1107 662 duos
1116 602 1245 682 (quidam
1255 605 1359 662 milites
1368 607 1454 662 fuisse

406 695 535 776 tradunt)
552 697 667 774 deligit,
681 707 768 772 etque
780 696 924 768 hortatur,
937 697 1068 754 simulata
1085 697 1257 755 couscientia
1275 698 1394 769 adeant,
1408 701 1455 755 oi-

408 791 500 847 terant
513 791 680 866 pecuniam,
693 787 781 846 fidem
794 801 882 866 atque
895 791 1023 865 pericula
1036 792 1235 866 polliceantur.
1250 791 1458 866 Exsequuntur

407 894 439 940 ut
450 884 561 956 jussum
574 894 650 954 erat;
665 883 732 940 dein
746 884 885 958 speculati
898 895 1012 941 noctem
1025 884 1244 956 incustoditam,
1260 884 1458 958 acceptaido-
1483 887 1485 890 ’

406 995 460 1032 neu
479 996 584 1048 manu,
609 976 750 1048 vinctum,
773 977 870 1033 clauso
891 997 960 1048 ore,
978 977 1008 1032 in
1026 979 1164 1052 palatium
1186 989 1306 1034 traxere.
1325 979 1457 1034 Percon-

408 1069 496 1125 ctanti
509 1069 627 1126 Tiberio
642 1069 792 1146 quomodo
810 1069 940 1145 Agrippa
956 1071 1047 1126 factus
1057 1081 1145 1142 esset,
1160 1068 1341 1144 respondisse
1356 1070 1459 1138 fertur,

407 1161 565 1234 Quomodo
582 1173 615 1220 tn
629 1165 729 1221 Caesar.
744 1165 784 1220 Ut
802 1163 900 1220 ederet
914 1162 1007 1220 socios
1023 1163 1115 1241 subigi
1130 1181 1192 1220 non
1205 1162 1310 1238 potuit.
1330 1164 1393 1219 Nec
1404 1161 1458 1218 Ti-

407 1253 504 1311 berius
521 1274 635 1330 poenam
649 1255 710 1330 ejus
723 1257 817 1331 palam
833 1275 934 1328 ausus,
951 1256 980 1312 in
996 1267 1102 1316 secreta
1122 1255 1220 1331 palatii
1239 1263 1321 1329 parte
1333 1253 1460 1310 interfici

406 1345 506 1420 jussit,
525 1367 691 1423 corpusque
707 1351 779 1404 clam
794 1349 910 1404 auferri.
923 1373 936 1400 ι

447 1439 601 1514 Seecspita.
616 1440 693 1497 Dicit
705 1441 805 1497 Festus
818 1443 987 1516 secespitam
997 1460 1056 1497 esse
1065 1443 1188 1498 cultrum
1203 1441 1340 1512 ferreum,
1350 1441 1460 1495 oblon-

408 1551 488 1607 gum,
507 1533 660 1590 manubrio
683 1533 828 1604 rotundo,
850 1533 993 1605 eburneo,
1013 1534 1122 1605 solido,
1145 1533 1243 1590 vincto
1262 1533 1301 1590 ad
1324 1534 1460 1606 capulum

408 1643 481 1681 auro
501 1637 691 1702 argentoque,
709 1625 799 1682 fixum
813 1626 900 1683 clavis
913 1625 1012 1698 eneis,
1026 1645 1081 1683 aere
1095 1627 1212 1702 cyprio,
1234 1645 1294 1700 quo
1313 1622 1461 1693 flamines,

408 1713 557 1774 flaminica·
582 1717 721 1793 virgines,
748 1716 958 1792 pontificesque
978 1717 1016 1774 ad
1036 1717 1174 1776 sacrificia
1193 1720 1357 1776 utebantur.
1384 1716 1461 1772 Vide

407 1811 554 1883 secespitoe
575 1811 727 1886 imaginem
750 1812 780 1868 in
798 1813 879 1868 Thes.
906 1813 1013 1878 (ἷκεν,
1037 1821 1056 1866 t.
1077 1831 1104 1882 v,
1127 1831 1156 1887 p.
1178 1812 1252 1884 316,
1271 1809 1353 1888 insig.
1375 1813 1460 1866 Pont.

295 1907 307 1916 “
408 1903 503 1974 Man,
522 1903 580 1959 tab.
598 1921 623 1974 7.

452 1997 602 2052 Secretum.
627 1989 742 2054 Scilicet
764 1997 958 2074 colloquium,
975 1997 1059 2072 quod
1075 1997 1157 2054 addit
1178 1997 1312 2066 Tacitus,
1331 1999 1459 2060 Amal,

410 2107 464 2160 ιιι,
480 2097 525 2155 (ιο.

451 2183 516 2237 cis.
531 2182 639 2238 XXVI.
649 2185 847 2239 [cernentem.
862 2185 898 2240 Η.
916 2201 940 2242 c.
956 2184 987 2238 in
1000 2202 1025 2240 a.
1041 2183 1069 2239 d.
1081 2201 1132 2241 m
1150 2183 1208 2239 kal.
1218 2182 1371 2256 dec.,qno
1382 2191 1459 2236 tem-

409 2291 482 2348 pore
495 2275 638 2331 celehrare
653 2276 783 2332 solebant
792 2276 922 2350 plebeios
939 2275 1077 2332 circenses
1090 2277 1121 2330 in
1140 2275 1217 2332 circo
1231 2274 1373 2331 Flaminio
1389 2273 1459 2330 aedi-

409 2367 450 2426 tes
465 2367 565 2443 plebis.
574 2369 635 2424 Hos
648 2379 725 2426 recte
744 2379 843 2425 monet
857 2369 898 2426 Cl.
913 2372 993 2426 Hase
1011 2368 1229 2445 distinguendos
1242 2387 1259 2423 a
1273 2369 1390 2443 magmi-
1404 2367 1460 2423 sive

410 2461 560 2533 Romanis,
575 2460 612 2516 de
626 2460 733 2534 quibus
746 2460 813 2517 vide
822 2479 886 2536 sup.
902 2465 994 2537 Aug„
1009 2480 1097 2517 xxnr.

451 2555 605 2610 luramtur.
620 2554 728 2624 Tacit,
744 2557 869 2622 Annei,
889 2573 916 2626 1,
934 2572 971 2626 7²
989 2574 995 2609 :
1015 2554 1138 2628 «Neque
1151 2553 1181 2608 in
1195 2563 1261 2608 actu
1278 2571 1332 2608 suo
1351 2551 1461 2624 jurari,

412 2665 587 2722 quamquam
602 2658 734 2704 censente
754 2658 869 2719 senatu,
883 2647 1021 2722 permisit.
1037 2672 1048 2698 ι
1063 2647 1106 2703 Cf.
1123 2649 1230 2716 Dros„
1251 2664 1327 2716 nvn,
1348 2663 1380 2718 p.
1395 2645 1460 2712 607.

450 2741 620 2814 September.
641 2743 759 2811 Zonar.,
781 2744 905 2808 Annei,
927 2759 967 2813 ιι,
989 2758 1019 2814 p.
1045 2740 1098 2810 173
1114 2759 1122 2793 t
1138 2753 1179 2817 Τῷ
1197 2743 1228 2798 tt
1250 2767 1280 2816 γι
1296 2745 1405 2816 Τιβερίῳ
1421 2751 1461 2802 ris

413 2843 498 2906 βουλῆς
514 2845 665 2913 ἰγκιιμίνης,
681 2843 778 2896 καὶτὸν
793 2849 849 2913 γοῦν
865 2849 931 2914 μῆνα
943 2843 984 2894 τὸν
994 2839 1128 2912 νιίμὸριον,
1146 2843 1168 2892 tv
1184 2835 1248 2910 ᾧτῇ
1264 2842 1324 2907 ἕκτῃ
1340 2838 1383 2890 ἐπὶ
1398 2833 1461 2889 ltu

412 2935 568 3005 iqsqs'ssnsc,
587 2933 696 3005 Τιίίριιν
720 2936 848 2988 celticius
868 2934 990 2996 ditericus¹
1005 2934 1047 2987 καὶ
1062 2935 1102 2997 τί,
1117 2935 1174 3002 ἔφη,
1191 2934 1324 2994 coitiones,
1339 2931 1369 2982 ds
1386 2925 1462 2982 dexs-

411 3027 473 3096 τριῖς
486 3027 612 3096 Καίσαρις
623 3029 742 3097 γίνωνται

454 3111 550 3165 Patris
567 3113 683 3184 patrioe.
700 3111 806 3182 Tacit,
826 3112 949 3176 Arnai,
971 3129 997 3180 ι,
1017 3127 1053 3180 72
1071 3129 1078 3163 :
1098 3133 1111 3158 ι
1122 3109 1235 3164 Nomen
1254 3103 1347 3160 Patris
1363 3103 1462 3160 Patria

411 3201 556 3275 Tiberius,
570 3221 586 3259 a
600 3206 712 3278 populo
726 3205 828 3279 saepius
841 3205 996 3279 ingestum,
1010 3201 1206 3276 repudiavit.»

456 3297 587 3354 Civt'cam.
602 3300 673 3368 Quae
686 3299 716 3354 in
729 3300 872 3354 vestibulo
888 3297 992 3353 aedium
1006 3295 1197 3352 Palatinarum
1207 3293 1385 3367 ponebatur,
1392 3299 1462 3346 teste

411 3388 535 3459 ovidio,
554 3391 649 3456 Facu,
668 3409 696 3460 1,
710 3391 789 3458 614:

553 3571 662 3638 Protegat
676 3579 701 3621 et
710 3579 800 3623 vestras
810 3585 902 3638 querna
914 3585 1004 3622 corona
1017 3568 1087 3619 iores.

454 3737 584 3793 Addidit.
609 3737 681 3810 Dio,
697 3757 773 3810 nvn,
796 3757 825 3814 p.
845 3737 928 3809 607:
951 3747 986 3798 Τὸ
1008 3751 1051 3798 τοῦ
1074 3745 1215 3814 Αὐγούστου
1236 3744 1279 3793 cix
1302 3743 1403 3793 irritem
1417 3741 1464 3809 pis

414 3833 481 3896 (etit
508 3839 555 3909 γὰρ
581 3839 729 3908 ψιφισθιῖναὶ
754 3861 815 3894 esoce
836 3837 919 3898 tinctl'
935 3840 1063 3910 λιγὸμινιν
1087 3832 1226 3898 d'dsotint,
1244 3833 1288 3887 καὶ
1310 3835 1463 3904 qpapc'pncs

414 3929 595 3999 ἀναγινώσκων,
610 3931 685 4002 iptps.

459 4027 556 4082 Utrum.
573 4029 605 4082 A.
619 4029 654 4084 U.
674 4047 726 4098 77¹
739 4071 748 4100 ,
761 4029 865 4099 Tacit,
881 4032 988 4084 Annei.
998 4069 1007 4096 ,
1029 4046 1073 4099 ιι,
1095 4025 1139 4083 53.

457 4123 593 4175 Alterum.
608 4123 643 4176 A.
658 4123 693 4178 U.
711 4117 780 4192 77'4,
797 4141 861 4177 cum
876 4124 972 4178 Druso
987 4119 1060 4192 titio,
1074 4120 1182 4190 Tacit,
1196 4119 1321 4186 Annal,
1340 4133 1393 4184 ιιι,
1416 4114 1466 4170 31.
