3114 5446
480 541 675 598 camenus.
1041 565 1095 621 ²79

78 690 152 752 ueni,
175 655 281 760 ipsam
299 666 461 742 Enniam,
483 663 650 758 adjutores
671 666 797 760 imperii
819 692 827 734 ε
852 667 972 759 quibus
990 671 1094 738 omni·

78 783 127 854 bus
141 809 202 879 pro
222 783 476 854 necessitudinis
489 785 587 878 jure,
608 809 735 878 proque
754 787 949 856 meritorum
970 791 1095 879 gratia,

77 917 197 972 cruenta
218 927 309 974 mors
332 903 500 998 persoluta
521 918 579 974 est.
600 902 716 974 Nihilo
732 908 932 975 reverentior
949 904 1096 977 leniorue

78 1047 142 1116 erga
155 1037 309 1092 senatum
325 1048 333 1090 :
352 1021 513 1115 quosdam
534 1023 671 1092 summis
689 1021 873 1092 honoribus
891 1023 1037 1112 functos,
1053 1027 1096 1096 ad

78 1140 211 1210 uaedam
224 1141 287 1214 sibi
303 1165 436 1210 currere
452 1154 582 1234 togatos
595 1165 655 1234 per
667 1140 793 1234 aliquot
807 1165 963 1233 passuum
975 1142 1094 1232 millia,

76 1275 102 1329 ct
120 1261 284 1349 ooenanti,
304 1259 404 1330 modo
429 1259 472 1332 ad
496 1259 646 1354 pluteum
667 1258 767 1328 modo
788 1259 830 1329 ad
855 1261 955 1355 pedes
982 1277 1093 1352 stare,

76 1381 245 1450 succinctos
266 1378 387 1466 linteo,
413 1403 527 1472 possus
546 1395 619 1448 est:
642 1377 725 1446 alios
743 1404 847 1472 quum
870 1379 954 1448 clam
974 1383 1095 1452 interc-

75 1501 183 1586 misset,
197 1501 302 1570 citare
315 1497 420 1568 nihilo
436 1501 545 1568 minus
562 1513 600 1567 ut
613 1500 705 1568 vivos
717 1502 956 1592 perseveravit,
972 1526 1094 1594 paucos

74 1633 135 1713 post
147 1619 217 1688 dies
231 1617 419 1690 voluntaria
432 1633 539 1686 morte
553 1619 675 1712 perisse
694 1620 861 1688 mentitus.
877 1619 1092 1707 Consulibus,

72 1735 168 1807 oblitis
185 1737 231 1806 do
255 1735 358 1806 natali
378 1762 438 1808 suo
462 1737 615 1821 edicere,
637 1737 811 1831 abrogavit
834 1741 1061 1833 magistratum
1084 1767 1092 1810 τ

72 1854 182 1948 luitque
202 1879 264 1950 per
287 1853 435 1924 triduum
457 1857 528 1926 sine
550 1879 680 1926 summa
706 1871 868 1949 potestate
895 1859 1092 1951 respublica.

72 1976 266 2063 Quaestomm
278 1999 376 2046 suum
389 1975 423 2042 in
436 1975 666 2068 conjuratione
679 1977 885 2046 nominatum
900 1977 1092 2071 flagellavit,

70 2109 145 2164 reate
161 2095 330 2182 detracta,
348 2095 560 2188 subjectaque
578 2093 722 2165 militum
739 2095 897 2189 pedibus,
915 2121 982 2190 quo
999 2097 1093 2168 firme

71 2215 263 2286 uerberaturi
281 2215 481 2284 insisterent.
499 2213 607 2284 Simili
626 2215 779 2308 superbia
798 2215 1019 2309 violentiaque
1037 2243 1091 2288 ce·

67 2346 145 2404 leros
163 2333 322 2407 tractavit
343 2333 485 2404 ordines.
508 2334 714 2426 Inquietatus
737 2333 871 2404 fremitu
892 2337 1037 2428 gratuita
1056 2338 1091 2404 in

65 2453 143 2522 circo
160 2452 235 2524 loca
252 2452 295 2522 de
312 2453 422 2524 media
439 2465 537 2522 nocte
552 2455 805 2546 occupantium,
820 2478 934 2522 omnes
947 2455 1089 2524 fustibus

66 2569 173 2666 abegit.
191 2570 275 2644 Elisi
295 2597 355 2666 per
373 2595 449 2642 eum
469 2570 648 2640 tumultum
669 2573 785 2667 viginti
801 2570 942 2666 amplius
962 2575 1090 2664 equites

64 2693 205 2780 romani,
231 2691 370 2760 totidem
397 2703 574 2777 matrona,
599 2715 700 2785 super
724 2689 931 2782 innumeram
957 2690 1089 2758 turbam

60 2825 205 2882 ceruum.
226 2812 374 2882 Scenicis
398 2809 504 2897 ludis,
526 2812 613 2879 inter
634 2808 767 2903 plebem
787 2825 821 2878 ct
840 2810 984 2902 equitem
1009 2834 1089 2878 cau-

61 2951 121 2996 sam
144 2930 390 3000 discordiarum
410 2953 542 3015 serens,
560 2928 705 2998 decimas
726 2931 889 2997 maturius
911 2927 1031 3014 dabat,
1054 2943 1091 2996 ut

60 3052 221 3139 equesoia
247 3049 289 3118 eb
312 3048 425 3118 infimo
450 3071 585 3142 quoque
607 3061 860 3141 occuparentur.
882 3046 1091 3116 Gladiatorio

59 3190 214 3254 munuc,
241 3167 387 3238 reductis
414 3166 581 3236 interdum
611 3167 863 3260 flagrantissimo
891 3163 959 3236 sole
986 3163 1090 3250 velis,

58 3289 156 3356 emitti
178 3311 383 3381 quemquam
405 3287 563 3356 vetabat:
584 3299 780 3378 remotoque
801 3283 971 3353 ordinario
989 3309 1090 3379 appa-

55 3419 146 3493 ratu,
163 3406 298 3477 tabidas
317 3406 424 3490 feros,
442 3403 619 3475 vilissimos
638 3405 796 3497 senioque
816 3403 1001 3489 confectos,
1022 3401 1090 3496 gla-

55 3521 200 3594 diatores
217 3549 353 3618 quoque
369 3548 559 3619 pegmares,
574 3521 886 3616 patresfamiliarum
904 3537 1016 3607 notos,
1033 3520 1090 3588 sed

52 3641 200 3735 insigues
220 3642 390 3712 debilitate
409 3641 519 3736 aliqua
536 3643 705 3736 corporis,
723 3642 926 3734 subjiciebat.
944 3645 991 3710 Ac
1006 3663 1090 3708 noa·

50 3783 248 3856 nunquam,
265 3763 392 3832 horreis
406 3759 589 3854 praeclusis,
609 3759 733 3855 populo
750 3761 868 3830 famem
887 3759 1015 3828 indixit.

93 3884 248 3950 xxvtt.
267 3883 433 3950 Saevitiam
452 3880 577 3974 ingenii
599 3904 659 3973 per
678 3881 747 3948 haec
768 3881 910 3948 maxime
935 3874 1087 3946 ostendit.

48 3999 166 4088 Quum
188 3999 234 4068 ad
251 3990 398 4095 laginam
415 3999 578 4085 ferarum,
595 3999 725 4094 muneri
744 4011 1019 4091 praeparatarum,
1037 4017 1090 4062 ca·

51 4119 117 4188 rius
137 4118 294 4214 pecudes
311 4133 596 4212 compararentur,
613 4144 653 4186 ex
672 4120 777 4186 noxiis
798 4115 969 4185 laniandos
988 4139 1090 4181 anno-

894 4261 945 4304 ro.
