3138 5438
452 497 481 552 c.
503 498 633 554 sumus
655 499 789 555 essm.
1101 453 1135 566 2,

120 644 177 688 rem
201 621 303 714 regiis
327 618 470 702 lectt'ooe,
497 643 535 688 oc
557 621 661 688 Curio
685 619 848 688 stabulum
872 621 1084 705 Nicomedis,
1105 635 1138 686 et

120 739 321 832 Bilbynicum
335 739 503 828 fromtisem
528 737 653 808 dicunt.
678 741 780 808 Misso
804 739 903 840 etiarn
927 739 1011 807 facio
1032 738 1138 807 edicta

119 855 238 944 Bibuli,
257 857 378 950 quibus
402 856 591 950 proscripsit
611 854 771 950 collegam
790 880 906 945 suum,
925 857 1138 951 Bithynicam

122 976 256 1068 πςὺιαηι
280 1000 291 1040 .·
321 976 443 1066 «eique
464 998 574 1068 regem
596 989 692 1044 antea
713 974 812 1044 fuisse
831 973 942 1060 cordi,
961 999 1050 1042 nunc
1071 999 1140 1044 esse

121 1116 285 1184 regnum»
305 1093 384 1180 Quo
403 1107 569 1186 tempore,
587 1105 626 1160 ut
641 1094 689 1162 M.
706 1095 829 1162 Brutus
847 1093 965 1180 refert,
982 1094 1139 1162 Octavius

120 1211 209 1278 etium
230 1208 386 1302 quidam,
410 1209 597 1280 valetudine
623 1211 742 1280 mentis
768 1208 902 1280 liberius
928 1211 1043 1298 dicax,
1063 1237 1140 1280 con·

121 1341 213 1396 ventu
222 1328 365 1396 maximo
376 1353 478 1420 quum
487 1328 682 1422 Pompeium
691 1351 800 1422 regem
811 1327 1140 1423 appellasset,ipsum

122 1447 261 1538 reginam
283 1444 446 1516 salutavit
467 1445 532 1516 Sed
552 1449 590 1516 C.
610 1445 786 1514 Memmius
805 1449 904 1516 etiam
923 1446 966 1515 ad
987 1448 1141 1542 cyathum

122 1577 150 1630 et
168 1563 284 1630 vinum
305 1562 479 1632 Nicomedi
504 1564 630 1632 stetisse
651 1563 790 1656 objecit,
811 1587 886 1632 cum
910 1563 1045 1657 reliquis
1063 1591 1141 1634 exo·

122 1678 215 1768 letis,
233 1679 334 1773 pleno
365 1682 543 1770 convivio,
564 1681 798 1752 accubantibus
826 1681 992 1752 nonnullis
1021 1685 1143 1753 urbicis

123 1800 391 1893 negotiatoribus,
409 1823 550 1892 quorum
564 1799 664 1870 refert
676 1800 819 1870 nomina.
834 1803 951 1870 Cicero
967 1825 1062 1890 vero,
1077 1827 1144 1872 non

122 1932 293 1986 contentus
312 1920 346 1986 in
367 1919 564 2011 quibusdum
588 1918 735 2013 epistolis
757 1919 937 2013 scripsisse,
959 1945 979 1988 a
1001 1919 1145 1990 satelliti·

123 2036 178 2104 bus
194 2061 273 2104 eum
290 2037 325 2104 in
341 2036 529 2106 cubiculum
545 2037 674 2130 regium
690 2036 859 2126 eductum,
876 2038 910 2106 in
927 2063 1027 2108 nureo
1041 2037 1145 2126 lecto,

122 2169 207 2224 veste
231 2178 399 2248 purpurea
419 2153 631 2242 decubuisse,
651 2153 831 2248 floremque
851 2158 955 2255 estatis
973 2181 992 2225 a
1019 2160 1146 2226 Venere

123 2275 184 2342 orti
215 2274 252 2340 in
285 2273 437 2366 Bithynia
468 2274 725 2342 contaminatum
752 2298 761 2342 ε
788 2273 955 2366 quonde‘m
986 2277 1083 2344 etiarn
1111 2277 1145 2342 in

123 2405 235 2462 senatu
255 2391 442 2462 defendenti
459 2395 556 2486 Nysae
573 2415 725 2480 causum,
741 2390 817 2462 filiae
832 2392 1035 2483 Nicomedis,
1052 2395 1148 2463 bene·

121 2511 261 2604 liciaque
281 2511 366 2603 regis
387 2511 421 2577 in
441 2534 475 2578 se
494 2513 784 2596 commemoranti,
803 2515 994 2596 «Remove,
1017 2507 1143 2605 inquit,

124 2632 229 2717 istaec,
251 2653 311 2696 oro
330 2643 382 2712 te3
403 2627 537 2720 quando
555 2643 671 2696 notum
696 2643 765 2715 est,
787 2643 820 2696 et
843 2629 924 2721 quid
947 2627 1001 2696 ille
1017 2631 1096 2716 tibi,
1116 2645 1149 2698 et

122 2747 200 2840 quid
225 2745 275 2814 illi
299 2761 370 2815 tute
393 2746 558 2815 dederis.»
580 2745 709 2816 Gallico
732 2747 873 2840 denique
898 2748 1066 2839 triumpho
1091 2749 1151 2814 mi·

121 2866 193 2934 lites
219 2867 292 2960 ejus
318 2867 404 2934 inter
426 2879 533 2934 cetera
558 2867 722 2952 carmina,
749 2864 859 2958 qualia
885 2889 1020 2934 currum
1043 2889 1152 2960 prose·

120 2998 262 3078 quentcs
281 2982 472 3077 joculariter
495 2998 636 3070 cenum,
662 2985 760 3053 etiam
787 2982 1047 3078 vulgatissimum
1070 2982 1152 3054 illud

119 3103 425 3195 pronuntiaverunt
442 3129 450 3170 :

217 3305 325 3362 Gellius
342 3307 432 3362 cesar
448 3305 573 3380 subegit,
586 3306 753 3363 Nicomedes
766 3307 908 3362 Caessrem.

219 3399 293 3454 ecoe
306 3398 395 3453 Caeser
407 3416 482 3452 nunc
494 3399 659 3471 triumphet,
677 3397 726 3471 qni
740 3397 849 3471 subegit
862 3393 982 3452 Gallias:

221 3489 390 3546 Nicomedes
403 3507 462 3544 non
475 3488 641 3564 uitunpbat,
655 3487 704 3563 qui
719 3488 828 3562 subegit
843 3489 986 3544 Cesurem

170 3702 211 3768 L.
238 3702 385 3768 Pronum
404 3712 437 3767 et
460 3710 689 3792 sumptuosum
713 3697 747 3764 in
770 3695 920 3764 libidines
942 3694 1057 3778 fuisse,
1080 3717 1156 3764 con·

121 3834 216 3888 stans
241 3819 355 3912 opinio
375 3832 446 3905 est,
466 3814 691 3910 plurimasque
712 3831 744 3883 et
767 3813 909 3884 illustres
931 3813 1067 3883 feminas
1086 3838 1159 3882 cor·

15 3927 16 3930 ¹
122 3939 276 4030 rupisse:
292 3936 464 4028 inquibus
483 3935 710 4003 Posthumiam
730 3934 835 4004 Servii
852 3931 1003 4024 Sulpicii,
1016 3929 1156 4000 lolliam

124 4055 203 4126 tuli
219 4056 374 4142 Gabinii,
396 4051 577 4122 Tertullam
597 4056 644 4122 Μ.
668 4054 796 4140 Crassi,
816 4053 913 4122 etiem
932 4051 992 4117 Cn.
1014 4051 1158 4143 Pompeii
