3108 5434
529 521 712 580 TIBERIUS.
1095 525 1149 582 rab

103 639 234 726 deinde,
249 639 377 712 Juliam
392 667 528 712 uxorem
543 646 587 714 ob
601 643 754 716 libidines
768 661 867 741 atque
881 647 1045 719 adulteria
1059 649 1150 720 dam·

104 775 232 848 natam,
262 763 511 858 repudiumque
540 766 570 835 ei
603 791 665 836 suo
697 769 852 857 nomine,
880 794 921 839 ex
953 771 1153 842 auctoritate

106 885 267 976 Augusti,
284 884 462 955 remissum
476 911 484 954 :
497 900 531 954 et
548 911 749 981 quamquam
770 889 863 960 letus
878 891 1023 978 nuncio,
1042 905 1152 960 tamen

106 1003 203 1071 officii
220 1002 340 1092 duxit,
359 1019 524 1098 quantum
544 1007 578 1074 in
600 1031 634 1076 se
653 1021 753 1098 esset,
773 1031 911 1078 exorare
931 1007 1007 1078 filiae
1022 1023 1152 1104 patrem

108 1122 336 1215 frequentibus
361 1121 483 1212 literis,
505 1140 539 1194 et
563 1125 615 1194 vel
638 1142 809 1222 utcunque
831 1129 976 1214 meritae,
997 1131 1155 1222 quicquid

108 1269 254 1338 unquam
271 1244 363 1315 dono
379 1245 542 1334 dedisset,
562 1247 753 1316 concedere.
769 1251 951 1318 Transacto
968 1263 1080 1318 autem
1099 1250 1156 1318 tri-

106 1363 250 1462 buniciae
262 1365 436 1458 potestatis
444 1379 610 1460 tempore,
623 1367 792 1436 confessus
808 1367 957 1454 tandein,
969 1365 1053 1438 nihil
1064 1367 1156 1438 aliud

107 1509 235 1554 secessu
251 1483 415 1556 devitasse
430 1483 481 1572 s'e,
496 1511 597 1579 quam
612 1484 833 1557 aemulationis
846 1511 924 1558 cum
936 1491 1019 1558 Caio
1035 1491 1155 1560 Lucio-

109 1631 173 1698 que
185 1607 429 1700 suspicionem,
442 1607 557 1701 petiit,
572 1619 610 1676 ut
623 1606 687 1676 sibi
699 1631 816 1676 securo
826 1608 895 1701 jam
912 1609 954 1677 ab
970 1609 1032 1678 hac
1047 1624 1157 1703 parte,

111 1727 338 1797 corroboratis
358 1729 431 1816 his,
449 1743 483 1797 et
502 1727 684 1797 secundum
704 1725 817 1797 locum
836 1727 933 1798 facile
954 1731 1157 1817 tutantibus,

112 1849 365 1940 permitteretur
381 1848 525 1916 revisere
540 1845 818 1935 necessitudines,
836 1871 979 1941 quarum
995 1847 1158 1920 desiderio

112 1983 294 2036 tenuetur.
315 1965 379 2036 Sed
395 1991 504 2060 neque
520 1968 733 2061 impetravit:
754 1965 910 2061 ultroque
926 1969 1026 2038 etiarn
1044 1970 1159 2040 admo·

113 2087 201 2156 nitus
227 2101 297 2176 est,
321 2085 504 2156 dimitteret
524 2110 657 2156 omnem
682 2109 797 2156 euram
816 2111 970 2177 suorum,
988 2113 1072 2183 quos
1091 2103 1158 2160 tnm

112 2205 234 2302 cupide
255 2206 453 2302 reliquisset.

156 2331 236 2396 XII.
264 2330 437 2398 Remansit
463 2351 543 2423 ergo
565 2329 678 2400 Rhodi
702 2344 819 2399 contra
848 2327 1076 2415 voluntatem
1103 2329 1159 2396 vix

113 2473 171 2543 per
191 2463 337 2518 matrem
354 2465 573 2538 consecutus,
596 2463 635 2518 ut
657 2450 700 2518 ad
725 2447 898 2519 velandam
919 2450 1159 2545 ignominiam,

113 2572 205 2663 quasi
225 2567 357 2665 legatus
375 2571 418 2638 ab
441 2573 614 2664 Augusto,
631 2570 770 2640 abesset.
791 2571 972 2639 Enimvero
993 2585 1074 2638 tunc
1091 2594 1159 2638 non

115 2691 284 2784 privatum
303 2688 422 2778 modo,
442 2689 616 2759 sedetiam
634 2689 816 2759 obnoxium
836 2703 870 2756 et
887 2687 1056 2781 trepidum
1075 2689 1160 2782 egit,

5 2833 7 2842 ¹
114 2810 366 2878 mediterraneis
392 2810 480 2904 agris
504 2809 656 2898 abditus,
683 2810 857 2902 vitansque
880 2808 1161 2901 praternavigan·

116 2931 198 3000 tium
227 2928 359 3018 officie,
391 2929 512 3022 quibus
542 2927 818 3024 frequentabatur
846 2925 997 3014 assidue,
1028 2927 1162 2995 nemine

114 3075 189 3118 cum
214 3050 359 3143 imperio
381 3063 441 3116 aut
466 3049 664 3143 magistratu
691 3047 845 3116 tendente
869 3067 1055 3140 quoquam,
1079 3047 1161 3140 quin

116 3169 304 3238 ‹lererteret
318 3166 486 3238 Rhodum.
504 3170 547 3236 Et
564 3181 772 3238 accesserunt
782 3167 916 3260 majoris
929 3163 1164 3238 sollicitudinis

115 3314 235 3360 cnusre.
256 3290 414 3381 Namque
430 3289 621 3382 privignum
635 3288 770 3373 Caium,
786 3287 917 3357 Orienti
932 3288 1162 3381 prepositum,

118 3435 221 3502 quum
242 3406 372 3477 visendi
393 3409 500 3500 gratia
520 3408 702 3501 trajecisset
719 3409 873 3490 Samum,
891 3405 1082 3476 alieniorem
1101 3409 1164 3476 sibi

117 3530 220 3598 sensit
242 3553 281 3596 ex
305 3526 592 3599 criminationibus
615 3529 664 3596 M.
687 3525 806 3616 Lollii,
826 3527 957 3596 comitis
976 3541 1009 3596 et
1028 3528 1165 3596 rectoris

119 3649 199 3740 ejus.
214 3647 322 3718 Venit
338 3647 439 3715 etiam
458 3646 492 3715 in
506 3647 743 3740 suspicionem,
761 3671 822 3740 per
836 3645 998 3740 quosdam
1015 3645 1165 3715 beneficii

118 3768 170 3836 sui
189 3767 418 3852 centuriones,
434 3791 456 3834 a
475 3781 661 3835 commeatu
674 3781 782 3835 castra
795 3781 997 3860 repetentes,
1011 3765 1165 3836 mandata

118 3885 163 3954 ad
182 3883 373 3980 complures
394 3883 522 3954 dedisse
536 3885 712 3979 ambigua,
734 3900 770 3955 et
782 3911 857 3979 quae
875 3901 1003 3955 tentare
1019 3884 1166 3979 singulo·

105 3995 199 4074 'rum
216 4005 347 4074 animos
364 4003 407 4072 ad
422 4029 525 4074 novas
543 4029 595 4074 res
613 4004 814 4076 viderentur.
833 4007 885 4074 De
902 4029 967 4097 qua
980 4003 1166 4098 suspicione

121 4125 249 4194 certior
264 4125 306 4193 ab
326 4129 479 4218 Augusto
496 4124 621 4212 lactus,
648 4149 715 4192 non
738 4126 877 4193 cessavit
903 4122 1084 4218 efflagitare
1106 4123 1167 4194 ali·
