3138 5438
27 504 30 595 Ν

30 614 32 654 l
131 614 230 683 culariis
251 611 391 682 duobus.
415 613 502 681 Nam
524 613 661 680 comites
686 633 861 702 servosque
886 625 1012 680 ceteros
1036 611 1133 680 initio

24 672 30 1067 l

441 491 470 544 C.
493 489 624 546 lULlUS
646 489 783 545 CAESAR.
1116 489 1132 544 3

130 735 213 801 statim
234 731 274 799 ad
301 729 521 824 expediendas
547 732 725 824 pecunias,
751 729 871 820 quibus
898 729 1133 818 redimeretur,

128 851 274 920 dimiserat.
287 850 477 918 Numeratis
490 847 608 918 deiude
621 849 861 941 quinquaginta
875 847 1021 936 talentis,
1036 873 1135 940 expo-

129 971 188 1038 situs
203 969 233 1036 in
252 967 371 1054 litore,
393 991 462 1034 non
483 965 629 1054 distulit,
652 967 731 1059 quin
754 992 772 1034 e
794 967 933 1060 vestigio
955 965 1057 1036 classe
1080 967 1137 1036 de·

127 1087 203 1156 ducta
220 1101 471 1181 persequeretur
496 1086 674 1172 abeuntes3
702 1110 740 1153 ac
767 1083 914 1152 redactos
937 1087 971 1153 in
995 1099 1137 1178 potestn-

128 1221 191 1292 ιιι,
215 1193 403 1300 supplicio,
427 1203 516 1296 quod
542 1202 607 1272 illis
633 1227 718 1298 saepe
743 1205 888 1272 minatus
914 1205 1000 1272 inter
1023 1205 1136 1296 jocum

125 1323 222 1410 luerat,
235 1323 391 1392 afficeret
405 1326 566 1392 vastante
582 1323 732 1416 regiones
746 1325 912 1415 proximas
927 1322 1137 1411 Mithridate,

125 1466 156 1509 ne
165 1441 303 1510 desidem
315 1444 349 1510 in
362 1441 550 1511 discrimine
565 1443 731 1510 sociorum
746 1439 931 1528 videretur,
946 1441 987 1510 ab
998 1441 1136 1530 Rhodo,

125 1584 175 1650 quo
197 1559 426 1654 pertenderat,
455 1561 586 1629 transiit
613 1561 648 1628 in
675 1560 807 1644 Asiam,
834 1559 1030 1653 auxiliisque
1056 1585 1137 1630 con·

124 1683 227 1763 tractis,
244 1693 278 1748 et
295 1679 448 1772 praefecto
465 1679 551 1773 regis
570 1679 741 1772 provincia
757 1676 909 1772 expulso,
929 1679 1084 1748 nutantes
1098 1703 1138 1748 ac

122 1795 216 1872 dubias
230 1799 382 1868 civitates
399 1799 536 1867 retinuit
554 1800 590 1866 in
607 1795 683 1868 fide.

155 1921 190 1984 V.
212 1919 399 1986 Tribunatu
422 1917 587 2002 militum,
611 1917 669 2009 qui
692 1917 818 2010 primus
840 1903 983 1986 Romam
1005 1941 1136 1988 reverso

119 2057 165 2125 per
177 2035 332 2131 suffragia
347 2034 462 2130 populi
479 2035 588 2104 honor
604 2035 740 2128 obtigit,
756 2049 906 2104 auctores
923 2035 1136 2106 restituendae

120 2154 274 2224 tribunitiae
288 2155 476 2248 potestatis,
489 2155 583 2247 cujus
595 2155 663 2222 vim
676 2151 768 2222 Sulla
780 2154 1005 2240 deminuerat,
1018 2156 1137 2224 enixis·

118 2273 182 2341 sine
192 2275 287 2366 juvit.
310 2278 348 2346 L.
366 2274 464 2342 etiam
479 2269 611 2356 Cinnae,
625 2275 738 2342 uxoris
754 2273 864 2362 fratri,
881 2287 914 2342 et
930 2274 988 2368 qui
1005 2297 1081 2342 cunr
1096 2299 1136 2344 eo

116 2391 187 2462 civili
212 2393 379 2464 discordia
405 2392 570 2488 Lepidum
597 2394 721 2480 secuti,
749 2407 823 2487 post
849 2419 964 2464 necem
992 2393 1136 2464 consulis

116 2509 347 2582 adsertorium
369 2511 605 2606 confugerant,
629 2510 772 2582 reditum
794 2514 828 2580 in
850 2513 1017 2582 civitatem
1039 2536 1136 2608 roga-

114 2629 187 2698 tione
198 2631 309 2702 Plotia
321 2631 478 2719 confecit,
494 2629 676 2725 habuitque
691 2646 726 2700 et
744 2633 813 2725 ipse
830 2655 929 2726 super
947 2657 986 2700 ea
1002 2657 1038 2700 re
1055 2654 1137 2702 con·

114 2747 231 2818 cionem.
556 2757 559 2764 '

150 2870 201 2938 Vl
225 2872 388 2960 Quaeetor
404 2873 422 2938 J
425 2867 525 2938 uliern
542 2870 694 2956 amitam,
710 2893 913 2961 uxoremque
930 2867 1135 2956 Cornelium,

109 2979 262 3060 defunctas
301 2986 448 3056 laudavit
478 3013 497 3056 e
528 3013 620 3056 more
648 3012 709 3080 pro
738 2989 863 3056 rostris.
892 2965 935 3058 Et
965 2989 1000 3056 in
1031 2989 1137 3056 amitae

112 3105 225 3196 quidem
242 3105 456 3193 laudatione,
471 3105 512 3176 de
529 3109 600 3201 ejus
617 3132 656 3176 ac
673 3109 776 3201 patris
792 3109 842 3176 sui
854 3121 994 3201 utraque
1007 3109 1136 3202 origine

24 3288 25 3295 ,
110 3225 147 3290 sic
160 3227 257 3295 refert
277 3253 286 3294 :
305 3229 437 3295 Amt'toe
453 3251 537 3296 meoe
552 3228 651 3298 Jalioe
666 3243 850 3296 maternum
866 3251 974 3321 genus
989 3228 1033 3298 ab
1051 3231 1136 3324 regi·

109 3336 159 3409 bus
168 3359 274 3414 orcum
280 3399 294 3431 ‚
305 3358 489 3442 paterarum
503 3371 578 3414 cum
593 3346 658 3414 die
673 3345 913 3414 immortalibus
922 3346 1133 3436 conjunctum

108 3473 155 3526 est·
172 3465 264 3533 Nam
286 3463 337 3532 ab
358 3465 458 3532 Anco
474 3466 607 3532 Marcr‘o
627 3479 708 3534 sunt
724 3467 853 3534 Marcii
865 3489 973 3558 reges,
992 3489 1058 3560 quc
1076 3489 1135 3534 tto·

106 3584 178 3649 mim
186 3585 268 3672 suit
285 3596 399 3652 mater
414 3608 425 3650 .·
443 3607 466 3650 a
494 3587 622 3652 Venere
642 3583 741 3668 taut,
762 3581 857 3672 cujus
873 3586 982 3676 gentes
991 3583 1135 3672 famaue

104 3711 146 3764 est
159 3715 286 3772 costra.
314 3705 385 3770 Est
404 3725 482 3795 ergo
502 3707 537 3770 in
555 3725 674 3794 genere
687 3715 728 3769 et
743 3703 905 3770 sanctitas
922 3725 1057 3794 regum,
1077 3702 1136 3795 qui

24 3868 25 3911 ,
100 3815 269 3906 phanaum
288 3827 382 3890 inter
394 3821 544 3890 homenes
553 3819 699 3915 pollent,
719 3833 753 3888 et
767 3822 960 3888 omninonia
977 3820 1132 3902 deorum,

24 4010 26 4053 p
100 3959 227 4026 quorum
245 3941 322 4036 ipsi
339 3945 374 4008 in
387 3952 555 4034 potestate
570 3953 652 4007 sunt
668 3949 767 4032 reges.
787 3942 825 4006 In
844 3937 1006 4008 Corneliae
1024 3953 1133 4006 autom

25 4064 26 4077 ¹
101 4047 197 4126 locum
220 4059 425 4152 Pompeiam
452 4057 566 4144 duxit,
590 4059 634 4144 Q.
660 4060 807 4150 Pompeii
829 4057 949 4143 filiam,
973 4059 1011 4124 L.
1038 4055 1134 4124 Sullae

963 4199 989 4241 Ι.
