3164 5442
418 528 472 600 178
654 537 657 544 “
887 527 1002 584 NOTAE

379 663 380 674 ¹
457 642 627 720 Ergastulrlt.
647 673 687 685 -
704 643 860 717 Ergasteria
877 653 959 698 erant
979 643 1008 698 in
1030 641 1103 698 villis
1123 644 1186 700 loca
1207 643 1411 716 subtemen,
1427 645 1461 702 ed
1572 689 1573 692 η

414 737 535 794 carceris
548 736 669 792 formam
683 735 818 810 depressa
835 743 864 792 et
882 737 1007 813 angustis
1025 736 1157 792 distincta
1171 736 1308 792 fenestris.

458 829 718 904 Suppn'mebnntur.
733 829 768 886 ll.
783 848 808 884 e.
824 829 861 886 ad
878 847 953 903 opus
966 829 1129 885 laciendum
1145 829 1403 887 concludebantur.

459 936 561 990 Tbelo.
576 936 687 1008 Nempe
697 945 861 1010 praetextu,
882 945 915 989 ut
930 933 961 989 in
975 911 1059 1004 ⁴Lim,
1073 953 1171 1006 xxvu,
1187 933 1223 1002 54
1239 955 1246 991 :
1262 939 1379 1007 «Quem
1394 934 1465 992 titu-

415 1029 475 1083 lum
486 1025 662 1101 praetenditis
670 1027 750 1100 prius
764 1025 899 1083 adversus
914 1025 1094 1100 Philippum,
1109 1045 1186 1083 nunc
1195 1025 1347 1084 adversum
1360 1027 1465 1084 Antio-
1572 1069 1573 1078 η

416 1119 501 1174 chum
517 1118 618 1176 belli.»

455 1225 632 1299 Recognovit.
648 1192 703 1280 Per
715 1223 871 1280 Tiberium.
890 1223 933 1281 Cf.
952 1222 1059 1293 auen,
1080 1243 1149 1281 vm.

455 1333 598 1388 Excussit·
620 1331 695 1400 Dio,
716 1351 790 1402 uu,
810 1351 840 1406 p.
862 1341 944 1406 497:
970 1341 1009 1393 τά
1031 1361 1059 1393 τι
1080 1341 1179 1394 παλαιὰ
1201 1340 1342 1412 συμβόλαια
1363 1347 1412 1392 sav
1433 1346 1468 1408 τῷ

414 1441 484 1504 κοινῷ
498 1454 523 1485 τι
542 1434 683 1502 ὀφειλόντων
694 1435 791 1485 laeuos.
809 1475 812 1483 .

454 1531 591 1606 Ambigui
596 1529 682 1600 juris.
696 1529 761 1584 Scil.
779 1529 815 1584 de
829 1527 937 1604 quibus
951 1529 1153 1604 ambigebatur,
1169 1539 1266 1585 utrum
1278 1527 1469 1604 privatorum,

415 1623 467 1699 qui
483 1624 531 1678 illa
546 1622 732 1696 possidebant
751 1633 860 1692 essent,
875 1639 912 1678 an
925 1640 995 1678 vero
1008 1623 1136 1697 publica.

453 1728 593 1786 Sordibus.
609 1729 719 1802 Nempe
736 1727 771 1782 ob
785 1727 962 1782 sordidatum
975 1727 1117 1784 vestitum.

456 1837 602 1911 Repeeere.
618 1834 683 1891 Scil.
701 1835 805 1906 iterum
820 1833 850 1890 in
862 1833 1004 1905 judicium
1019 1834 1141 1890 trahere.

454 1941 631 2015 Maleficium
640 1942 820 2018 negotiumve.
835 1939 887 1996 His
897 1939 1013 1997 duobus
1028 1939 1123 1996 verbis
1135 1939 1282 1994 actionum
1298 1938 1471 1996 divisium

414 2033 595 2110 potissimum
618 2032 844 2108 comprehendit.
874 2031 918 2088 CI.
942 2033 1083 2104 Dorta,
1108 2032 1146 2088 ad
1166 2033 1324 2088 Iasonion.
1348 2035 1469 2100 lascis..

415 2147 463 2198 rr,
483 2128 510 2183 6.

365 2217 368 2224 ¹
455 2232 624 2286 Honorariis
643 2231 726 2288 ludis.
742 2231 777 2298 ῌ.
799 2249 823 2287 c.
844 2249 905 2287 non
926 2230 1065 2306 publicis,
1081 2229 1141 2288 sive
1155 2229 1194 2286 ad
1208 2227 1256 2286 dei
1270 2228 1395 2302 alicujus
1408 2231 1469 2286 cul-

414 2337 477 2382 tum
495 2323 658 2395 celebratis;
673 2323 724 2379 sed
738 2323 775 2379 ad
789 2335 944 2397 pratorum
959 2324 1118 2381 aliorumve
1135 2323 1354 2400 magistratuum
1371 2323 1468 2380 hono-

416 2438 475 2475 rem
498 2417 528 2472 in
546 2416 672 2472 muneris
692 2415 826 2490 auspiciis
845 2417 939 2490 plebis
958 2416 1133 2474 delectanda
1153 2433 1239 2472 causa
1256 2413 1350 2471 editis.
1371 2415 1468 2485 Quid-

415 2511 488 2586 quid
504 2509 579 2565 enim
594 2525 653 2564 non
675 2520 767 2565 atota
783 2510 932 2583 republica
947 2509 1110 2566 institutum
1127 2519 1206 2580 erat,
1226 2506 1277 2564 sed
1290 2507 1328 2564 ab
1343 2507 1408 2564 aliis
1425 2507 1469 2564 vel

415 2607 526 2661 honore
553 2602 652 2678 aliquo
677 2603 801 2672 ornatis,
821 2604 867 2657 vel
886 2603 998 2659 honore
1022 2603 1145 2678 aliquem
1166 2599 1329 2673 ornanuis,
1344 2600 1470 2657 honore-

417 2701 488 2752 rium
503 2696 663 2766 dicebatur,
673 2695 796 2750 docente
810 2695 851 2750 CI.
866 2697 953 2750 Hace.

457 2805 544 2860 Actui
557 2822 659 2859 rerum.
674 2801 739 2858 Scil.
753 2795 869 2874 judiciis
882 2799 1030 2858 habendis

458 2896 607 2954 Decurias.
623 2895 698 2952 Vide
711 2914 814 2970 supra,
832 2913 913 2952 xxix.

456 3002 688 3058 Ducenariomm.
714 3000 789 3071 Quia
807 3001 985 3077 eligebantur
998 2999 1073 3056 inter
1088 3017 1138 3056 eos
1158 2998 1210 3074 qui
1225 3007 1340 3056 tantm
1360 2997 1470 3054 duem

416 3095 544 3154 sestertia
566 3095 775 3170 possidebant;
794 3113 873 3166 non,
897 3105 930 3152 ut
952 3095 1060 3167 ceteri,
1083 3094 1290 3171 quadringena.

458 3203 617 3257 TricesImo.
638 3233 679 3244 -
703 3202 841 3257 Vicesimo
859 3201 928 3276 legit
948 3201 990 3257 Cl.
1011 3201 1091 3256 Hace
1113 3204 1154 3258 ex'
1171 3197 1313 3256 emendat.
1337 3195 1470 3270 eujus,
1572 3215 1573 3218 ¹

417 3313 505 3370 quam
518 3295 643 3368 probant
657 3294 817 3352 Casauhon.
833 3304 861 3352 et
883 3293 1114 3371 Bymersboch„
1130 3293 1242 3350 Observ.
1250 3291 1345 3364 jonis,
1359 3309 1407 3362 ra,
1424 3306 1467 3357 ¹7·

456 3388 565 3442 Mense.
581 3386 618 3442 ui
632 3386 693 3442 duo
706 3406 817 3444 menses
829 3386 986 3462 prasertim
999 3385 1076 3443 ludis
1089 3385 1225 3462 feriisque
1239 3384 1395 3442 dabantur.

457 3494 523 3547 Cir.
543 3493 686 3548 XXXIII.
702 3493 760 3548 Pro
774 3492 914 3547 tribunati.
929 3491 996 3546 Nou
1010 3501 1053 3547 est
1070 3493 1131 3546 loco
1152 3489 1319 3555 muamus,
1338 3486 1390 3544 sed
1402 3478 1479 3540 ante*

417 3585 550 3639 tribunal.

459 3682 628 3736 Insueremr.
646 3677 735 3748 Quod
750 3687 811 3734 erat
830 3677 1039 3752 parricidarum
1053 3675 1226 3753 supplicium
1247 3691 1283 3731 ex
1301 3677 1366 3750 lege
1379 3674 1471 3730 Pom·

458 3791 496 3826 ια.

416 3791 524 3932 μΝοη
542 3877 675 3932 occidisti.
691 3876 871 3934 Abnutivum
885 3893 1052 3952 responsum
1066 3875 1168 3931 elicere
1181 3872 1333 3942 studebat,
1345 3889 1383 3926 ne
1396 3887 1471 3926 con·

417 3968 526 4038 victus,
542 3988 604 4024 non
618 3979 713 4024 tamen
727 3969 888 4034 confessus.
903 3988 1018 4044 poenam
1030 3961 1179 4043 parricidii
1198 3963 1316 4022 subiret.

462 4076 634 4150 Signatum.
651 4078 686 4132 Η.
702 4095 726 4131 e.
741 4085 827 4134 testes
840 4097 893 4152 per
906 4095 981 4152 quos
998 4075 1199 4132 testamentum
1213 4071 1433 4148 obsignabatur.

463 4169 705 4246 cognoscentibus.
724 4171 784 4226 Hac
803 4170 839 4226 de
854 4188 938 4226 causa
956 4187 1022 4226 cum
1040 4168 1104 4243 ipso
1116 4166 1322 4240 judicantibus.
