3108 5434
398 505 585 572 OCTAVIUS
600 503 802 560 AUGUSTUS.
940 460 944 466 Ι
1077 503 1115 578 89

119 655 178 700 rum
191 625 269 714 tulit,
282 651 385 721 quum
401 629 541 696 maxime
557 642 702 722 cuperet.
723 626 850 714 insane,
866 628 923 720 qui
937 644 1116 721 conceptus

121 763 188 835 erut,
208 747 394 816 immaturus
420 761 470 817 est
492 747 608 816 editus.
624 746 754 818 'Juham
776 749 920 840 primum
941 744 1117 835 Marcello,

119 869 237 938 &uriae
246 869 364 937 sororis
374 878 442 938 suat
450 865 534 955 filio,
547 881 677 938 tantum
688 865 778 960 quod
786 865 962 962 pueritiam
972 889 1117 960 egresso,
1148 945 1152 950 Ι

121 985 224 1072 ddude,
243 1003 279 1058 ut
298 989 326 1056 is
345 987 442 1076 obiit,
459 989 508 1056 M.
524 987 679 1080 Agrippa
698 999 841 1080 nuptum
860 984 965 1074 dedit,
985 999 1119 1054 exorata

120 1129 219 1194 sorore,
235 1121 270 1174 ut
287 1106 351 1175 sibi
369 1129 490 1201 genero
507 1104 637 1173 cederet
653 1129 662 1173 c
681 1127 759 1180 nam
776 1120 859 1173 tunc
874 1107 1021 1200 Agrippa
1037 1103 1119 1173 alte·

119 1247 173 1294 ram
183 1223 410 1296 Marcellarum
425 1223 580 1312 habebat,
595 1237 681 1293 etex
696 1247 735 1293 ea
751 1221 880 1294 liberos.
897 1228 970 1293 Hoc
985 1247 1118 1318 quoque

119 1343 266 1431 dehnoto,
296 1345 428 1431 multis,
456 1369 496 1419 ao
521 1344 599 1431 diu,
625 1344 724 1412 etiarn
751 1368 790 1412 ex
815 1346 960 1437 equestri
984 1344 1119 1430 ordine,

118 1466 335 1559 circumspectis
352 1463 613 1550 conditionibus,
628 1463 798 1534 Tiberium
818 1465 1008 1560 privignum
1024 1487 1121 1534 suum

117 1580 191 1678 legit,
214 1587 384 1680 coegitque
408 1599 632 1678 praegnantem
660 1607 816 1672 uxorem,
840 1598 874 1652 et
899 1607 939 1655 ex
963 1607 1030 1676 qua
1051 1585 1120 1678 jam

117 1718 190 1796 pater
211 1721 299 1792 erat,
322 1703 499 1774 dimittere.
527 1707 576 1774 Μ.
603 1704 768 1773 Antonius
793 1703 925 1790 scribit,
946 1705 1127 1773 «Primum

116 1847 173 1892 eum
192 1825 335 1894 Antonio
357 1823 426 1892 filio
451 1847 512 1892 suo
534 1821 747 1918 despondisse
769 1821 910 1909 Juliam;
933 1823 1009 1892 dein
1031 1825 1122 1893 Coti-

117 1945 183 2030 soni,
198 1946 358 2014 Getarum
377 1943 448 2037 rcgi
467 1969 475 2009 :
496 1965 564 2036 quo
585 1955 734 2036 tempore
751 1942 813 2010 sibi
833 1965 965 2036 quoque
982 1943 1122 2012 invicem

115 2059 195 2130 filiam
211 2065 296 2158 regis
316 2064 351 2130 in
371 2063 622 2130 matrimonium
639 2061 811 2155 petisset.»

150 2184 257 2251 cxlv.
285 2185 435 2275 Nepotes
464 2205 504 2248 ex
534 2182 681 2274 Agrippa
713 2193 747 2248 et
775 2178 861 2248 lolia
891 2194 959 2248 tres
988 2180 1123 2267 hahuit,

115 2301 230 2383 Caium,
250 2304 416 2386 Lucrum,
436 2315 470 2368 et
502 2300 683 2392 Agrippam
710 2323 719 2366 ε
745 2313 860 2393 neptes
884 2299 982 2389 duas,
1002 2297 1124 2369 Juliam

113 2433 138 2486 et
151 2422 369 2515 Agrippinam.
390 2417 512 2488 Juliam
530 2421 568 2486 L.
586 2416 709 2505 Paulo,
727 2420 873 2486 censoris
896 2418 982 2507 lilio,
1001 2421 1122 2515 Agrip-

112 2537 204 2629 pinam
216 2540 435 2625 Germanico‚
448 2539 570 2606 sororis
583 2561 650 2605 auae
666 2538 795 2630 nepoti,
809 2536 992 2606 collocavit.
1007 2541 1124 2608 Caium

112 2671 137 2722 ct
145 2661 273 2727 Lucium
286 2657 475 2751 adoptavit,
491 2653 584 2724 domi
595 2679 655 2748 per
670 2679 775 2723 assem
790 2669 823 2723 et
839 2653 957 2724 libram
968 2672 1125 2750 emptosa

112 2791 185 2866 patre
202 2780 353 2874 Agrippa
373 2801 381 2844 ε
400 2791 596 2868 tenerosque
611 2773 721 2842 adhuc
747 2774 790 2842 ad
809 2798 923 2842 curam
938 2775 1125 2866 reipublioae

111 2894 234 2966 admovit
248 2923 257 2965 :
274 2911 313 2965 et
332 2892 482 2964 consules
495 2893 682 2988 designatos
689 2893 817 2962 circum
830 2894 1019 2987 provincias
1032 2919 1125 2965 exer·

110 3014 239 3109 citusque
257 3015 397 3084 dimisit.
413 3013 530 3082 Filiam
546 3027 580 3081 et
597 3027 711 3107 neptes
729 3013 775 3080 ita
792 3013 950 3103 instituit,
969 3027 1006 3082 ut
1027 3016 1125 3084 etiam

109 3129 232 3204 hnificio
248 3133 487 3220 assuefaceret,
506 3145 697 3224 vetaretque
713 3129 807 3226 loqui
830 3146 888 3202 aut
911 3155 1008 3228 agere
1032 3136 1124 3228 quie·
1172 3225 1175 3231 Δ

27 3263 28 3286 ³
110 3277 207 3343 pam,
223 3257 286 3324 nisi
306 3251 495 3348 propalam,
512 3266 545 3320 et
562 3251 653 3345 quod
669 3252 704 3320 in
722 3251 859 3320 diurnos
874 3254 1127 3322 commentarios

108 3374 279 3449 minuetur.
305 3377 548 3444 Enuaneorum
573 3372 707 3465 quidem
729 3387 815 3440 coctu
837 3371 919 3444 adeo
939 3373 1127 3467 prohibuit,

27 3523 28 3528 ¹
110 3507 139 3561 ut
151 3497 184 3563 L
203 3494 360 3581 Vinicio,
375 3491 465 3561 claro
483 3490 669 3584 decoroque
683 3492 815 3586 juveni,
835 3493 1004 3587 scripserit
1021 3517 1127 3586 quon-

108 3611 187 3704 dam,
208 3617 361 3684 «Parum
383 3612 530 3683 modeste
551 3611 665 3680 secisse
688 3637 781 3697 enm,
801 3611 891 3705 qnod
912 3609 1011 3679 filiam
1034 3637 1126 3682 suam

27 3799 28 3810 ,
107 3731 188 3803 Baias
198 3733 385 3804 salutamm
395 3733 575 3802 venisset.»
590 3733 736 3826 Nepotes
747 3747 780 3801 et
794 3731 933 3819 litteras,
948 3746 981 3800 et
998 3743 1126 3822 notare,

108 3849 220 3948 aliaque
239 3850 450 3940 rudimenta,
470 3877 530 3945 per
549 3875 584 3920 se
604 3850 801 3945 plerumque
820 3851 934 3920 docuit
956 3878 963 3918 :
987 3876 1025 3920 ac
1043 3851 1126 3920 nihil

106 3994 186 4063 eque
209 3969 417 4058 elaboravit,
442 3995 542 4064 quam
571 3987 607 4040 ut
635 3972 843 4042 imitarentur
871 3971 1126 4064 chirographum

105 4112 200 4160 suum.
218 4095 340 4185 Neque
361 4091 501 4159 ooenavit
517 4115 604 4178 una,
627 4091 688 4159 nisi
709 4105 747 4160 ut
767 4093 801 4159 in
823 4092 888 4159 imo
907 4087 991 4158 lecto
1008 4089 1128 4158 assido-
