3098 5446
421 468 436 527 4
821 459 852 514 C.
874 459 1050 516 SUETONII

422 588 524 654 struis
541 585 698 680 deinceps
719 583 1016 679 supplicationibus
1032 597 1065 652 et
1085 582 1259 678 pervigilio
1276 583 1444 653 anniversa·

419 708 471 774 rio
485 705 598 775 coluit.
613 707 827 798 Quamquam
840 719 936 774 aetate
951 693 1100 774 nondum
1118 706 1302 790 constanti,
1317 719 1444 772 veterem

419 823 562 896 ciititatis
583 825 816 920 exoletumque
837 850 984 906 morem,
1007 849 1045 892 ac
1066 839 1196 893 tantum
1219 826 1254 892 in
1280 823 1375 892 domo
1397 849 1446 892 sna

419 947 620 1035 baerentem,
644 947 901 1016 obstinatissime
927 947 1081 1032 retinuit,
1107 960 1145 1014 ut
1175 942 1284 1012 liberti
1312 945 1448 1037 servique

420 1069 470 1138 bis
496 1067 549 1137 die
573 1067 760 1162 frequentes
787 1066 960 1154 adessent,
981 1091 1021 1134 ac
1044 1089 1142 1133 mane
1166 1061 1449 1158 salvere,'vesperi

418 1188 607 1275 valeresibi
628 1187 749 1284 singuli
768 1187 925 1257 dicerent.

467 1313 508 1378 V.
527 1313 620 1378 luter
637 1308 787 1378 liberales
804 1305 995 1404 disciplinas
1012 1307 1153 1376 attendit
1170 1321 1203 1375 et
1216 1307 1296 1400 juri.
1310 1306 1408 1376 Dedit
1422 1321 1451 1374 et

418 1431 631 1498 matrimonio
644 1453 778 1524 operam
791 1454 799 1496 :
811 1453 948 1508 verum,
962 1428 1080 1496 amissa
1097 1452 1200 1496 uxore
1213 1425 1360 1522 Lepida,
1376 1426 1451 1494 duo-

418 1550 546 1642 busque
568 1574 608 1618 ex
626 1575 665 1618 ea
684 1547 782 1632 liliis,
800 1549 960 1617 remansit
976 1549 1010 1616 iu
1027 1545 1196 1630 caelibatu,
1215 1571 1323 1640 neque
1340 1544 1452 1615 sollici·

418 1671 481 1737 tari
503 1667 571 1738 ulla
589 1668 781 1738 conditione
802 1667 945 1762 amplius
963 1667 1094 1761 potuit,
1112 1691 1154 1734 ne
1173 1667 1366 1761 Agrippina
1388 1667 1454 1759 qui-

417 1787 515 1877 dem,
542 1789 685 1875 viduatae
716 1804 822 1858 morte
847 1789 1109 1880 Domitiipquae
1142 1787 1299 1855 maritum
1328 1810 1455 1882 quoque

416 1908 527 1982 adhuc
546 1907 687 1978 necdum
707 1907 876 1996 caelibem,
897 1906 1040 1977 Galbam
1059 1907 1145 2002 ¹adeo
1164 1907 1319 1976 omnibus
1343 1905 1457 1976 sollici·

329 2111 332 2122 Ι
417 2043 545 2096 taverat
574 2028 702 2115 modis,
730 2029 825 2097 utin
851 2042 1017 2096 conventu
1045 2041 1275 2096 matronarum
1307 2043 1457 2120 correpta

413 2147 543 2241 jurgio,
562 2163 661 2241 atque
682 2150 781 2216 etiam
804 2173 904 2216 manu
926 2147 1052 2241 pulsata
1077 2149 1120 2215 sit
1145 2172 1164 2214 a
1188 2161 1293 2216 matre
1314 2146 1456 2242 Lepida.

417 2265 615 2335 Observavit
630 2283 707 2335 ante
723 2293 837 2337 omues
855 2269 985 2337 Liviam
1004 2271 1210 2362 Augustam:
1225 2267 1321 2361 cujus
1336 2283 1371 2336 et
1383 2268 1460 2334 viva

417 2387 523 2480 gratia
540 2386 722 2481 plurimum
737 2387 858 2474 valuit,
878 2403 911 2456 et
930 2404 1068 2457 mortuae
1084 2403 1282 2456 testamento
1301 2413 1399 2482 paene
1414 2387 1461 2456 di-

418 2520 507 2576 tatus
526 2522 575 2575 est
596 2533 603 2574 :
625 2509 814 2576 sestertium
836 2533 980 2602 namque
999 2509 1210 2602 quingenties
1230 2499 1463 2604 quampraeci-

417 2651 523 2722 puum
544 2629 631 2696 inter
649 2626 826 2721 legatarios
842 2627 1029 2712 habuisset,
1048 2629 1126 2722 quia
1145 2641 1279 2726 notata,
1300 2653 1374 2698 non
1394 2654 1463 2722 per·

416 2748 538 2841 scripta
549 2761 620 2815 erat
631 2771 775 2832 summa,
786 2746 907 2814 herede
920 2747 1054 2815 Tiberio
1068 2745 1214 2841 legatum
1225 2747 1265 2816 ad
1278 2751 1464 2844 quingenta

416 2882 613 2956 revocante,
631 2892 673 2934 ne
689 2867 759 2934 haec
779 2866 913 2959 quidem
928 2869 1064 2961 accepit.

465 2987 524 3054 VI.
546 2987 740 3056 Honoribus
758 3001 835 3054 ante
853 2985 1038 3080 legitimum
1059 3003 1191 3081 tempus
1210 2989 1322 3073 initis,
1342 3005 1468 3085 praetor

416 3105 649 3173 commissione
665 3102 822 3172 ludorum
837 3105 1036 3189 Floralium,
1058 3131 1183 3174 novum
1202 3107 1388 3201 spectaculi
1411 3135 1466 3204 ge·

417 3220 716 3317 nus„elephantos
748 3223 982 3310 funambulos,
1016 3225 1140 3313 edidit;
1170 3229 1246 3296 exin
1283 3231 1469 3324 provincie

417 3343 605 3435 Aquitaniae
623 3369 713 3412 anuo
729 3345 797 3414 fere
816 3345 948 3439 praefuit
968 3372 975 3414 :
992 3371 1067 3414 mox
1088 3346 1299 3443 consulatum
1327 3375 1395 3445 per
1415 3375 1471 3418 sex

417 3487 545 3532 meuses
561 3463 770 3558 ordinarium
786 3468 886 3560 gessit
907 3492 914 3534 :
933 3468 1128 3560 evenitque,
1147 3469 1232 3538 utin
1250 3493 1290 3538 eo
1310 3471 1387 3564 ipse
1408 3474 1470 3540 Cn.

416 3585 587 3674 Domitio,
606 3587 693 3680 patri
710 3589 872 3674 Neronis,
890 3589 953 3682 ipsi
971 3587 1101 3657 Salvius
1120 3590 1226 3678 Otho,
1244 3606 1343 3683 puter
1364 3593 1474 3660 Otho·

416 3705 486 3791 nis,
504 3704 708 3794 succederet,
723 3705 814 3798 velut
829 3710 1025 3802 praesagium
1046 3711 1248 3803 insequentis
1261 3735 1385 3798 casus,
1405 3735 1474 3806 quo

416 3823 543 3893 medius
563 3825 649 3895 iuter
668 3829 842 3920 utriusque
865 3826 952 3896 filios
969 3829 1096 3898 exstitit
1118 3831 1311 3924 imperator.
1333 3835 1367 3902 A
1389 3833 1475 3902 Caio

415 3946 545 4014 Caesare
561 3944 726 4016 Gaetulico
738 3949 956 4036 substitutus,
971 3949 1132 4048 postridie
1144 3975 1243 4044 quam
1257 3950 1297 4020 ad
1312 3951 1477 4048 legiones

415 4065 526 4150 venit,
552 4064 701 4135 sollemni
733 4067 817 4137 forte
846 4068 1034 4163 spectaculo
1065 4069 1262 4165 plaudentes
1293 4073 1476 4160 inhibuit,
