3098 5446
1049 492 1103 554 ²4?

104 613 239 668 urentur.
255 629 271 662 o
298 604 458 670 Cantante
483 625 541 686 eo,
571 615 611 668 ue
640 602 817 670 necessaria
845 601 975 692 quidem
1006 627 1103 674 causa

103 719 238 786 excedere
260 719 388 790 theatro
410 717 535 786 licitum
553 734 633 786 erat.
654 721 765 810 Itaque
789 734 822 786 et
837 721 940 788 enixae
955 722 1103 812 quaedam

103 837 128 902 in
142 836 328 928 spectaculis
345 836 509 920 dicuntur,
523 851 555 904 et
572 835 666 906 multi
685 836 781 906 taedio
796 837 949 910 audiendi
965 838 1101 910 laudan·

103 953 201 1045 rlique,
224 954 342 1026 clausis
359 955 555 1050 oppidorum
579 957 702 1048 portis,
727 970 784 1024 aut
803 955 915 1026 surtirn
937 955 1103 1029 desiluisse

102 1070 133 1140 de
154 1097 265 1158 muro,
284 1089 342 1142 aut
361 1088 465 1144 morte
489 1072 637 1145 simulata
662 1073 776 1146 funere
797 1073 883 1146 elati.
911 1077 1019 1162 Quam
1044 1101 1102 1144 eu-

103 1203 151 1256 tem
168 1190 292 1283 trepide
315 1194 473 1284 anxieque
492 1194 682 1278 certaverit,
698 1207 820 1284 quanta
842 1192 1101 1262 adversariorum

101 1307 308 1396 emulatione,
329 1335 394 1402 quo
419 1325 506 1381 metu
527 1311 687 1406 judicum,
708 1313 762 1380 vix
786 1309 873 1378 credi
894 1303 1012 1402 potest.
1035 1311 1099 1382 Ad·

102 1429 258 1512 versarios,
285 1432 377 1521 quasi
396 1428 492 1521 plane
512 1429 708 1502 conditionis
730 1429 889 1522 ejusdem,
910 1429 1101 1514 observare,

100 1559 228 1636 captare,
247 1547 405 1616 infamare
418 1563 562 1632 secreto,
580 1572 816 1639 nonuunquam
828 1572 865 1614 ax
878 1571 1014 1616 occursu
1031 1571 1099 1614 ma·

100 1661 207 1732 ledictis
224 1665 401 1752 incessere,
422 1691 478 1753 ac,
496 1668 594 1760 siqui
613 1682 683 1736 arte
699 1666 934 1759 precellerent,
953 1691 1099 1736 corrum-

102 1806 163 1873 pere
177 1785 279 1852 etiarn
299 1783 433 1852 solebat.
451 1785 579 1856 Judices
603 1801 729 1871 autem,
749 1787 957 1877 priusquam
978 1786 1100 1878 incipe·

101 1915 152 1984 ret,
170 1905 430 1970 reverentissime
455 1902 691 1994 alloquebatur,
717 1904 867 1972 «Omnia
894 1927 929 1970 se
955 1903 1101 1970 facienda

98 2019 214 2106 secisse,
232 2019 289 2088 sed
314 2034 465 2090 eventum
487 2024 521 2090 in
547 2046 645 2092 mauu
669 2045 737 2090 esse
757 2025 934 2093 Fortunae:
955 2019 1041 2107 illos,
1068 2037 1101 2090 ut

96 2139 245 2230 sapientes
262 2153 296 2206 et
319 2139 432 2212 doctos
456 2143 559 2225 viros,
580 2140 713 2208 fortuita
734 2139 850 2208 debere
872 2139 1043 2210 excludere
1061 2167 1068 2207 :
1085 2171 1100 2202 n

96 2269 198 2346 atque,
216 2271 254 2324 ut
273 2257 425 2343 auderet,
445 2258 668 2341 hortantibus,
686 2259 826 2349 aequiore
846 2259 956 2327 animo
974 2257 1100 2326 recede·

95 2373 159 2456 bat3
173 2399 212 2442 ac
230 2398 272 2442 ne
290 2375 337 2444 sic
355 2374 486 2467 quidem
502 2376 571 2444 sine
590 2373 824 2460 sollicitudine,
842 2377 1099 2454 taciturnitatem

95 2491 307 2586 pudoremque
321 2493 539 2586 quorumdam
551 2518 612 2586 pro
631 2494 760 2562 tristitia
780 2508 811 2561 et
827 2493 1029 2585 malignitate
1046 2519 1099 2562 ar·

53 2702 57 2712 ‚
95 2634 203 2700 guens,
223 2626 454 2705 suspectosque
471 2612 531 2680 sibi
548 2612 667 2681 dicens.

131 2733 253 2800 XXIV.
274 2734 313 2798 ln
336 2731 489 2800 certando
509 2753 587 2800 vero
607 2732 651 2798 ita
668 2729 730 2822 legi
750 2729 942 2814 obediebat,
964 2743 999 2798 ut
1017 2752 1099 2794 nuu-

94 2873 178 2939 quam
195 2873 367 2920 exscreare
381 2873 494 2937 ausus,
511 2848 663 2918 sudorem
682 2873 812 2940 quoque
832 2847 949 2916 frontis
968 2848 1100 2916 brachio

93 2967 265 3064 detergeret
284 2995 291 3036 :
311 2983 409 3060 atque
426 2971 523 3038 etiarn
542 2970 574 3036 in
593 2969 719 3062 tragico
732 2966 874 3059 quodam
889 2979 982 3050 actu,
998 2991 1100 3058 quum

92 3083 228 3180 elapsum
249 3087 403 3157 baculum
418 3089 482 3156 cito
501 3089 719 3173 resumsisset,
734 3085 869 3178 pavidus
886 3101 918 3154 et
933 3099 1099 3170 metuens,

91 3228 125 3270 ne
147 3207 190 3274 ob
221 3205 377 3275 delictum
408 3208 583 3276 certamine
609 3219 876 3290 summoveretur,
908 3227 978 3272 non·
1006 3202 1101 3272 aliter

90 3323 293 3394 confirmatus
303 3340 371 3409 est,
384 3349 481 3418 quam
492 3303 663 3418 adjurante
673 3325 842 3417 hypocrita
854 3375 864 3406 ,
878 3347 943 3390 non
958 3321 1099 3390 animad-

91 3465 208 3512 versum
227 3443 261 3512 id
275 3445 361 3514 inter
376 3443 606 3514 exsultationes
624 3443 955 3533 succlamationesque
973 3439 1097 3532 populi.

89 3562 248 3632 Victorem
270 3578 378 3632 autem
395 3588 429 3632 se
452 3566 521 3656 ipse
539 3563 793 3656 pronunciabat;
812 3560 933 3653 quade
949 3582 1046 3626 causa
1066 3573 1099 3624 et

87 3685 243 3768 preconio
262 3683 385 3775 ubique
400 3681 578 3750 contendit.
599 3685 645 3750 Ac
665 3706 705 3748 ne
726 3682 817 3773 eujus
838 3677 971 3746 alterius
989 3677 1097 3744 hiern-

87 3801 227 3870 nicarum
245 3803 403 3870 memoria
419 3815 476 3871 aut
496 3803 666 3895 vestigium
684 3813 823 3868 exstaret
841 3821 998 3890 usquam,
1019 3796 1096 3862 sub·

87 3922 160 3987 verti
177 3935 211 3988 et
229 3945 316 3989 unco
336 3921 420 3988 trahi
440 3920 601 4013 abjicique
616 3921 649 3986 in
664 3917 797 3986 latrinas
816 3918 961 3985 omniurn
977 3929 1097 3982 statuas

19 4025 20 4064 ³
84 4050 109 4103 et
130 4040 303 4134 imagines,
326 4041 505 4134 imperavit.
532 4039 701 4131 Aurigavit
724 4060 854 4129 quoque
875 4031 1097 4126 plurifariam,

19 4203 21 4272 t

19 4369 21 4458 t
