3108 5434
413 473 594 529 OCTAVIUS
616 471 816 528 AUGUSTUS.
1083 475 1117 542 73

105 596 220 686 prima,
235 596 384 688 ipsorum
401 596 578 682 arbitratu,
588 597 712 688 quevir
728 595 836 664 virum
850 593 944 688 legit3
961 595 1119 682 secunda,

106 737 157 780 suo
171 729 203 780 et
213 714 371 806 Agrippae
383 739 391 780 :
404 737 475 808 quo,
485 727 630 807 tempore
639 715 841 782 existimatur
850 712 951 782 lorica
963 713 1023 782 snb
1034 729 1121 782 veste

106 831 247 898 munitus
269 829 424 924 ferroque
442 833 568 900 cinctus
587 830 791 926 presedisse,
810 832 920 901 decem
940 830 1121 900 valentissi-

107 949 162 1016 mis
173 949 332 1016 senatorii
345 948 469 1017 ordinis
478 950 588 1018 amicis
597 947 709 1018 sellam
723 974 815 1018 suam
825 950 1121 1018 circumstantibus.

108 1065 231 1134 Cordus
250 1067 444 1134 Cremutius
467 1067 596 1154 scribit,
614 1092 656 1135 ne
682 1067 860 1136 admissum
885 1043 1017 1160 quidem
1045 1081 1123 1136 tunc

108 1207 306 1277 quemquam
335 1198 538 1272 senatorum,
558 1186 619 1252 nisi
648 1185 754 1254 solum
772 1197 805 1252 et
825 1199 1017 1278 praetentato
1039 1187 1123 1254 sinu.

109 1299 278 1388 Quosdam
298 1301 340 1368 ud
357 1301 532 1370 excusandi
555 1327 589 1371 se
608 1302 837 1372 verecundiam
858 1302 1015 1396 compulit
1036 1329 1044 1371 :
1062 1329 1127 1372 ser-

109 1421 262 1511 vavitque
278 1420 377 1488 etiam
391 1421 761 1514 excusantibnsinsigne
778 1421 896 1508 vestis,
913 1433 945 1488 et
960 1421 1125 1514 spectandi

109 1538 139 1605 in
158 1537 331 1605 orchestra
349 1535 568 1630 epulandique
586 1535 714 1631 publice
731 1539 794 1630 jus.
821 1539 899 1623 Quo
917 1553 1026 1606 autem
1050 1537 1124 1606 lecti

110 1655 327 1747 probatique,
347 1670 379 1722 et
404 1653 585 1749 religiosius
602 1670 635 1724 et
655 1657 782 1723 minore
801 1655 947 1723 molestis
964 1657 1123 1724 senatoria

110 1797 253 1840 munera
280 1772 513 1866 fungerentur,
537 1775 660 1860 sanxit,
680 1789 717 1842 ut
741 1775 930 1867 priusquam
947 1774 1129 1843 consideret

110 1893 269 1983 quisque,
284 1892 380 1959 thure
393 1915 431 1959 ac
446 1917 536 1960 mero
549 1890 746 1985 supplicaret
765 1890 853 1984 apud
869 1916 958 1960 aram
977 1892 1045 1985 ejus
1062 1890 1128 1978 dei,

110 2011 141 2076 in
156 2010 257 2100 cujus
272 2008 395 2104 templo
408 2012 551 2082 coiretur
566 2035 574 2077 ε
594 2023 627 2078 et
638 2033 679 2078 ne
695 2007 769 2102 plus
789 2033 887 2101 quam
904 2009 953 2077 bis
973 2011 1007 2076 in
1020 2033 1129 2078 mense

111 2125 281 2220 legitimus
297 2141 426 2196 senatus
438 2125 757 2222 ageretur,lsalendis
774 2141 807 2194 et
823 2126 949 2194 idibus:
965 2151 1045 2196 neve
1057 2151 1130 2220 sep-

112 2244 235 2312 tembri
257 2245 421 2312 octobrive
438 2268 546 2313 mense
567 2243 652 2314 ullos
665 2243 775 2314 adesse
788 2242 868 2312 alios
884 2269 1012 2313 necesse
1029 2259 1130 2330 esset,

111 2385 217 2454 qnam
235 2375 322 2428 sorte
337 2359 472 2448 ductos,
491 2385 549 2454 per
566 2385 706 2454 quorum
725 2385 897 2430 numerum
907 2361 1033 2430 decreta
1053 2385 1130 2430 con-

112 2479 164 2548 fici
185 2489 321 2571 possent
338 2503 346 2545 :
363 2479 488 2570 sibique
505 2479 645 2546 instituit
664 2477 796 2548 consilia
817 2481 926 2547 sortiri
947 2480 1127 2560 semestris,

113 2621 195 2664 cum
214 2595 333 2687 quibus
349 2595 389 2664 de
406 2597 543 2689 negotiis
558 2594 601 2662 ad
617 2595 818 2690 frequentem
836 2609 983 2663 senatum
998 2595 1132 2662 referen-

115 2715 166 2782 dis
196 2727 275 2780 ante
300 2727 462 2781 tractaret
491 2715 674 2782 Sententias
699 2713 739 2780 de
770 2713 892 2804 majore
918 2714 1050 2804 negotio
1065 2735 1130 2779 non

114 2855 215 2900 more
233 2845 330 2922 atque
346 2829 477 2916 ordine,
493 2830 550 2899 sed
564 2843 665 2923 prout
681 2828 844 2917 libuisset,
867 2829 1077 2922 perrognbat,
1096 2842 1133 2895 ut

113 2947 258 3044 perinde
277 2950 410 3042 quisque
435 2951 581 3018 animum
606 2947 803 3037 intenderet,
822 2973 860 3016 ac
885 2949 913 3016 si
936 2947 1132 3016 censendum

115 3067 243 3160 magis,
262 3089 360 3158 quam
380 3063 619 3134 assentiendum
635 3082 728 3135 esset.

163 3185 327 3254 xxxvl.
353 3185 478 3252 Auctor
494 3197 526 3250 et
543 3181 681 3252 aliarum
699 3205 808 3252 rerum
829 3184 891 3252 fuit
907 3210 915 3251 ε
933 3185 967 3252 in
986 3185 1076 3276 quis,
1094 3207 1135 3251 ne

116 3317 197 3370 acta
214 3313 345 3368 senatus
359 3298 620 3392 publicarentur3
631 3325 672 3368 ne
683 3303 906 3394 magistratus,
920 3301 1067 3393 deposito
1079 3301 1136 3368 ho·

117 3418 346 3500 nore,statim
358 3417 392 3483 in
407 3417 589 3508 provincias
604 3419 827 3504 mitterentur3
841 3432 878 3486 ut
887 3416 1134 3511 proconsulibus

116 3537 160 3606 ad
178 3533 292 3602 mulos
310 3547 344 3600 et
362 3532 591 3619 tabernacula,
608 3557 680 3626 quse
698 3533 827 3627 publice
844 3533 943 3608 locari
968 3532 1134 3618 solebant,
1153 3517 1154 3521 Ἰ

117 3667 215 3724 certa
233 3652 371 3744 pecunia
387 3652 639 3720 constitueretur
656 3676 664 3718 :
683 3665 721 3719 ut
741 3675 819 3720 cura
839 3653 942 3719 aerarii
959 3675 978 3719 a
994 3665 1133 3742 quaesto·

117 3773 219 3839 ribus
233 3769 368 3836 urbanis
385 3767 426 3834 ad
439 3769 608 3859 praetorios
620 3783 813 3860 praetoresve
829 3769 996 3853 transiret3
1012 3781 1048 3834 ut
1062 3789 1136 3834 een-

118 3883 338 3956 tsnnviralem
360 3885 503 3970 hastam,
522 3909 619 3976 quam
635 3900 796 3977 quaestura
816 3886 918 3953 functi
946 3898 1137 3953 consuerant

120 4029 266 4098 cogere,
284 4003 456 4071 decemviri
471 4017 631 4096 cogerent.
