3114 5446
20 3765 21 3818 l

20 3823 22 3914 l

20 3923 21 3980 l

20 3985 21 4012 l

20 4017 22 4062 l

484 521 678 578 CALIGULA.
1049 525 1103 594 167

130 648 184 714 lX.
207 641 370 738 Caligulae
394 666 578 736 cognomen
605 645 761 714 castrensi
780 645 858 738 joco
883 648 1004 736 traxit,
1026 649 1105 742 quia

98 762 296 858 manipulario
313 762 428 830 habitu
446 763 530 830 inter
548 761 668 832 milites
682 762 892 834 educabatur.
906 767 1006 860 Apud
1021 792 1103 862 quos

96 897 235 974 quantum
250 896 409 975 preterea
424 905 483 974 per
498 879 584 950 hanc
599 883 879 954 nutrimentorum
894 887 1104 956 consuetudi-

98 1025 151 1070 nem
172 1025 287 1070 amore
312 1015 346 1070 et
370 1000 476 1095 gratia
496 997 655 1086 valuerit,
677 1002 818 1070 maxime
843 1004 1013 1096 cognitum
1032 1017 1103 1092 est,

95 1143 178 1211 qum
199 1135 276 1213 post
294 1144 460 1190 excessum
477 1121 618 1214 Augusti
637 1119 895 1210 tumultuantes,
911 1138 946 1192 et
963 1125 997 1192 in
1014 1125 1104 1196 luro-

95 1263 144 1308 ren
166 1263 271 1332 usque
291 1239 492 1332 precipites,
511 1236 600 1308 solus
620 1238 710 1310 haud
729 1238 829 1310 dubie
847 1257 1024 1336 conspectu
1042 1269 1103 1315 suo

40 1429 44 1442 ,
94 1359 175 1426 lesit
193 1361 274 1428 Non
292 1360 381 1428 enirn
401 1360 492 1451 prius
510 1357 725 1445 destiterunt,
743 1383 841 1452 quam
861 1361 1006 1456 ablegari
1027 1389 1103 1434 eum

94 1480 122 1546 ab
141 1477 312 1546 seditionis
330 1473 535 1569 periculum,
554 1491 588 1544 et
607 1477 641 1543 in
659 1478 842 1569 proximam
863 1481 1029 1563 ciuitatem
1045 1484 1103 1554 de·

93 1596 248 1668 mandari.
272 1593 588 1664 animadvertissent.
609 1597 703 1664 Tunc
728 1595 861 1667 demum
878 1599 920 1668 ed
939 1603 1102 1694 poeniten·

92 1717 154 1784 tiam
171 1715 274 1800 versi,
288 1737 444 1807 reprenso
457 1737 496 1780 ac
514 1726 645 1782 retento
662 1713 829 1804 vehiculo,
843 1717 1017 1808 invidiam,
1031 1747 1104 1814 quae

91 1835 137 1902 sbi
156 1834 269 1918 lieret,
288 1831 455 1926 deprecati
474 1845 561 1900 sunt.

123 1953 359 2022 X.Comitatus
369 1965 417 2018 est
425 1963 551 2044 patrem
562 1964 595 2018 et
604 1949 638 2018 in
646 1951 778 2044 Syriaca
785 1953 1000 2046 expeditione.
1007 1959 1104 2029 Unde

90 2095 227 2141 reversus
241 2071 387 2164 primum
401 2069 435 2137 in
449 2070 579 2156 matris,
595 2068 727 2158 deinde,
739 2095 776 2138 ea
790 2071 946 2167 relegata,
958 2077 992 2143 iu
1004 2079 1104 2146 Livias

89 2196 236 2284 Augustae
251 2189 395 2283 proaviae
410 2211 476 2256 suae
490 2187 708 2258 contubernio
720 2193 860 2259 mansit:
874 2217 975 2286 quam
989 2196 1105 2266 defun·

88 2325 161 2380 ctam
175 2323 387 2405 pretextatus
402 2309 499 2376 etiam
514 2321 584 2376 tum
600 2333 661 2401 pro
676 2312 802 2378 Rostris
818 2310 983 2384 laudavit:
998 2330 1105 2386 trans·

87 2431 178 2522 iitque
191 2428 236 2498 ad
250 2429 428 2498 Antoniam
443 2428 548 2516 aviam
558 2477 568 2514 ,
580 2440 613 2495 et
629 2427 870 2498 indeviccsimo
882 2435 986 2502 aetatis
1001 2458 1105 2524 anno,

87 2550 199 2618 accitus
219 2551 364 2640 Capreas
384 2571 403 2614 a
421 2545 573 2633 Tiberio,
591 2570 658 2614 uno
675 2561 774 2640 atque
793 2549 907 2618 eodem
925 2551 978 2620 die
995 2568 1105 2648 togam

87 2669 215 2754 sumsit,
225 2665 429 2757 barbamque
443 2665 567 2758 posuit,
581 2665 651 2734 sine
667 2664 734 2733 ullo
751 2667 896 2754 honore,
907 2669 1012 2761 qualis
1026 2697 1105 2740 con·

87 2789 197 2881 tigerat
215 2785 370 2854 tirocinio
387 2784 528 2852 frauum
544 2785 626 2875 ejus.
645 2784 708 2852 Hic
724 2786 877 2856 omnibus
893 2788 1020 2859 insidiis
1034 2805 1105 2860 ten-

87 2921 165 2976 tatus
186 2905 389 2974 elicientium
408 2903 661 2996 cogentiumque
681 2927 715 2970 se
731 2903 774 2972 ad
791 2906 960 2996 querelas,
981 2908 1105 2978 nullam

89 3049 229 3119 unquam
251 3023 455 3124 occasionem
473 3013 588 3108 dedit,
614 3021 750 3114 perinde
776 3021 948 3094 obliterato
972 3051 1106 3097 suorum

88 3171 178 3228 casu,
194 3168 234 3214 ac
250 3144 278 3211 si
296 3139 377 3210 nihil
395 3142 548 3232 cuiquam
567 3139 759 3208 accidisset:
777 3166 944 3233 quaerero
963 3146 1032 3237 ipse
1048 3171 1107 3239 pa.

89 3279 216 3352 teretur,
230 3259 417 3330 incredibili
431 3259 689 3330 dissimulatione
705 3264 943 3352 transmittens3
961 3269 1108 3361 tantique

88 3385 117 3452 io
129 3407 247 3466 avum,
266 3395 298 3449 et
317 3381 374 3472 qui
386 3380 482 3472 juxta
495 3393 607 3466 erant,
626 3380 788 3471 obsequii,
805 3396 843 3449 ut
862 3407 928 3458 nou
946 3385 1107 3456 immerito

88 3503 125 3570 sit
142 3502 288 3586 dictum,
305 3523 392 3568 nnec
411 3521 542 3566 servum
557 3495 727 3566 meliorem
744 3497 867 3588 ullum,
888 3525 949 3570 nec
964 3502 1107 3572 deterio-

88 3645 152 3689 rem
169 3619 344 3689 dominum
359 3616 467 3686 fuisse.
481 3645 501 3682 n

135 3742 196 3808 xl.
221 3740 386 3809 Naturam
415 3749 523 3804 tamen
552 3759 670 3804 savam
699 3751 798 3830 atque
827 3737 1019 3830 probrosam
1048 3765 1109 3812 nec

90 3875 169 3926 tunc
185 3857 318 3951 quidem
334 3854 482 3924 inhibere
501 3869 651 3948 poterat,
669 3855 750 3947 quin
769 3869 802 3924 et
821 3857 1121 3956 animadversioni-¹

91 3977 153 4045 bns
169 3976 336 4069 poenisque
355 3973 397 4043 ad
415 3971 612 4067 supplicium
630 3973 782 4042 datorum
798 3975 1009 4068 cupidissime
1025 3979 1109 4048 inte·
1140 4065 1143 4078 Ι

95 4111 213 4184 resset,
234 4111 267 4164 et
282 4119 402 4189 ganeas
421 4109 519 4186 atque
538 4092 715 4196 adulteria,
736 4094 965 4188 capillamento
987 4097 1109 4169 celatus
