3108 5434
423 507 476 544 rra
821 490 851 544 C.
873 490 1046 548 SUETONII

420 609 534 706 popuii
552 609 733 703 frequentia
753 613 926 700 conderet,
945 612 1054 706 aquiln
1072 635 1147 680 eum
1167 612 1282 704 sepius
1304 611 1443 678 circum-

420 729 561 816 volavit3
580 743 845 823 transgressaque
861 733 894 799 in
912 733 1051 800 vicinam
1069 729 1191 818 sedern,
1209 752 1443 822 supernomen

422 849 596 944 Agrippae,
610 845 651 916 ad
662 849 800 941 primam
818 847 978 936 litteram,
995 847 1101 918 sedit:
1117 872 1183 941 quo
1200 847 1443 931 animadverso,

422 982 514 1054 vota,
534 991 606 1058 quae
621 968 655 1034 in
673 968 860 1061 proximum
877 966 1019 1036 lustrum
1035 968 1155 1060 suscipi
1172 991 1243 1036 mos
1259 979 1324 1053 est,
1344 963 1443 1034 colle·

421 1109 497 1178 garn
516 1109 612 1154 suum
630 1084 797 1184 Tiberium
816 1109 1007 1180 nuncupere
1022 1086 1118 1178 jussit
1137 1111 1145 1154 :
1165 1109 1240 1154 nam
1260 1109 1311 1170 se,
1331 1109 1444 1176 quam-

421 1226 521 1295 quam
533 1203 725 1296 conscriptis
739 1202 926 1296 paratisque
938 1203 1005 1297 jam
1020 1201 1155 1286 tabulis,
1170 1203 1301 1298 negavit
1314 1225 1444 1294 suscep·

421 1336 533 1389 turum
555 1345 628 1412 quae
649 1343 717 1388 nou
733 1335 817 1388 esset
834 1320 1011 1390 soluturus.
1033 1321 1103 1390 Sub
1122 1321 1208 1396 idem
1228 1335 1360 1414 tempus
1378 1321 1445 1388 ictu

421 1437 568 1508 fulminis
580 1462 621 1506 ex
635 1439 846 1534 inscriptione
857 1453 972 1508 statue
980 1439 1051 1533 ejus
1060 1441 1165 1532 prima
1178 1440 1322 1508 nominis
1335 1437 1443 1507 littera

421 1553 557 1629 effinxit.
575 1560 782 1652 Responsum
800 1571 865 1644 est,
882 1571 1013 1626 centum
1031 1555 1117 1626 solos
1135 1555 1202 1626 dies
1222 1557 1360 1650 posthac
1378 1557 1445 1624 vic·

420 1689 551 1762 turum,
572 1699 671 1768 quem
688 1697 861 1744 numerum
880 1699 900 1746 c
917 1674 1025 1744 littera
1042 1689 1188 1761 notaret3
1212 1674 1445 1768 futurumque,

422 1806 460 1861 ut
482 1795 568 1863 inter
591 1795 680 1862 Deos
702 1793 898 1880 referretur,
920 1793 1010 1888 quod
1030 1817 1144 1880 mssa,
1169 1791 1203 1862 id
1227 1805 1297 1876 est,
1320 1791 1445 1885 reliqua

423 1935 499 2004 pars
517 1935 536 1980 e
554 1911 688 1980 Caesaris
705 1914 852 1996 nomine,
869 1915 1007 1981 Etrusca
1024 1910 1137 2004 lingua
1152 1915 1245 1982 Deus
1262 1925 1444 1979 vocaretur.

422 2029 589 2097 Tiberium
603 2029 705 2122 igitur
718 2031 752 2096 in
769 2027 936 2122 Illyricum
952 2028 1161 2116 dimissurus,
1174 2043 1207 2098 et
1221 2033 1447 2098 Beneventum

424 2171 528 2240 usque
553 2161 805 2241 prosecuturus,
832 2171 934 2240 quurn
962 2145 1220 2239 interpellatores
1246 2145 1318 2214 aliis
1345 2161 1446 2239 atque

422 2263 493 2334 aliis
509 2267 613 2333 causis
627 2266 661 2332 in
674 2266 748 2358 jure
763 2264 903 2334 dicendo
916 2263 1113 2350 detinerent,
1126 2263 1321 2333 exclamavit
1334 2264 1448 2358 (quod

422 2397 456 2452 et
474 2385 582 2476 ipsum
599 2407 676 2452 mox
694 2385 778 2452 inter
794 2383 904 2454 omina
921 2381 1059 2452 relatum
1076 2383 1170 2476 est),
1189 2385 1310 2472 «Non,
1329 2386 1357 2454 si
1377 2409 1449 2452 om-

424 2501 479 2570 nia
501 2517 724 2588 morarentur,
746 2501 888 2596 amplius
908 2527 943 2571 se
965 2503 1101 2596 posthac
1121 2507 1235 2572 Romae
1256 2502 1422 2572 futurum.
1435 2533 1451 2566 s

421 2621 529 2714 Atque
541 2621 657 2690 itinere
673 2619 845 2707 inchoato,
862 2624 1015 2690 Asturam
1033 2622 1193 2714 perrexit3
1204 2634 1237 2688 et
1255 2620 1348 2708 inde,
1364 2645 1452 2714 prae·

422 2751 472 2807 ter
489 2737 773 2822 consuetudinem,
794 2737 835 2806 de
850 2751 946 2805 nocte
962 2737 1005 2806 ad
1022 2739 1225 2807 occasionem
1246 2761 1334 2806 aurae
1356 2763 1453 2807 evec-

421 2871 491 2944 tus,
506 2881 634 2925 causam
651 2855 846 2924 valetudinis
862 2855 1024 2924 contraxit
1038 2877 1079 2924 cx
1094 2855 1259 2950 profluvio
1273 2854 1350 2924 alvi.

467 2977 620 3044 xcvlll.
648 2976 742 3042 Tunc
772 2973 960 3066 Campaniae
988 2995 1047 3040 ora
1073 2975 1302 3066 proximisque
1331 2975 1456 3044 insulis

421 3092 581 3178 circuitis,
608 3095 809 3186 Caprearum
830 3113 961 3184 quoque
982 3092 1121 3159 secessui
1147 3091 1367 3183 quatriduum
1394 3095 1457 3162 im·

422 3207 555 3302 pendit,
573 3210 796 3278 remississimo
814 3207 856 3277 nd
873 3209 978 3276 ouum
997 3221 1030 3276 ct
1049 3207 1091 3276 ad
1109 3234 1240 3278 omnem
1258 3213 1457 3281 comitatem

422 3326 541 3399 animo.
560 3329 657 3395 Forte
674 3325 890 3395 Puteolanum
908 3327 1015 3394 sinum
1033 3327 1284 3419 praeteruehenti
1301 3345 1459 3400 vectores

424 3457 593 3536 nautaeque
606 3443 646 3512 de
661 3445 736 3511 navi
750 3442 984 3530 Alexandrina,
1001 3463 1073 3536 qtrae
1088 3455 1219 3517 tantum
1233 3447 1324 3538 quod
1342 3473 1460 3543 appu·

425 3557 520 3647 lemt,
542 3559 705 3628 candidati
729 3561 958 3652 coronatique,
982 3575 1016 3628 ct
1041 3561 1137 3630 thura
1162 3561 1320 3654 libantes,
1343 3567 1462 3638 fausta

422 3677 531 3745 omina
551 3692 583 3745 et
603 3678 737 3745 eximias
759 3675 871 3745 laudes
893 3695 1122 3772 congesserant
1144 3705 1153 3748 ε
1178 3682 1401 3756 «Perillum
1428 3713 1463 3756 se

422 3796 544 3882 vivere,
561 3819 620 3887 per
639 3793 732 3862 illurn
752 3797 921 3889 navigare,
943 3795 1091 3865 libertate
1108 3813 1207 3891 atque
1224 3799 1376 3872 fortunis
1399 3832 1465 3900 per

423 3909 514 3980 illum
534 3911 636 3980 frui.»
654 3913 731 4000 Qua
750 3938 786 3981 re
803 3913 980 3982 admodum
999 3914 1196 3986 exhilaratus
1214 3919 1465 4018 quadragenos

422 4053 537 4098 aureos
552 4030 725 4098 comitibus
739 4029 846 4098 divisit
864 4057 872 4098 ε
884 4033 1001 4124 jusque
1014 4033 1191 4125 jurandum
1208 4051 1241 4103 et
1257 4042 1466 4110 cautionem
