3168 5440
434 527 487 584 138
707 537 708 540 ’
895 527 1010 582 ΝΟΤΙΕ

470 639 583 698 Minori.
598 643 672 700 Vide
690 645 792 712 Hiar,
807 643 879 697 Bell.
896 643 1000 708 Alea,
1021 641 1054 698 31
1074 652 1102 696 et
1124 641 1170 697 33.

468 735 587 790 Nuntiat.
603 737 757 809 Acceperat
771 735 822 789 Cn.
837 733 993 788 Domitium
1008 733 1155 788 Calvinum
1170 750 1186 788 a
1200 733 1343 790 Pharnace
1357 737 1470 804 fusum,

430 845 466 884 ex
485 830 576 883 Ponto
590 845 656 884 cum
672 827 770 900 paucis
784 825 925 901 effugisse.
940 825 982 885 Cs-
1007 827 1078 880 Bell.
1096 827 1198 889 Alea,
1220 825 1254 891 34
1275 845 1354 900 seqq.

472 919 708 975 commentorem.
727 918 842 976 &saris
857 918 945 974 verba
960 918 1048 974 relect
1064 916 1204 990 Appiam,
1221 917 1270 973 ub.
1285 937 1347 993 sap.
1363 939 1369 974 :
1386 907 1470 998 ilpe-

430 1021 497 1092 rm'pu
512 1021 638 1090 liopariis,
653 1021 767 1080 τοιούτοις
785 1023 835 1090 ἄρα
847 1018 915 1072 κατὰ
933 1013 1086 1088 Μιθριδάτην
1101 1023 1141 1070 τὸν
1159 1012 1233 1071 radda
1246 1022 1344 1089 trart'pa
1358 1029 1471 1092 conpar

430 1109 549 1184 ἀνδράσι,
558 1115 635 1184 μέγας
649 1134 681 1168 τι,
693 1114 830 1184 ἐνομίσθης,
846 1110 889 1164 nai
906 1113 983 1182 μίγος
999 1111 1136 1170 tenetote.

470 1211 589 1266 atem
611 1209 731 1267 Cneium
748 1219 777 1266 et
794 1209 919 1264 Sextum.

468 1303 504 1358 Ia
512 1303 666 1376 Hispania.
676 1301 729 1358 Cui
746 1301 822 1358 bello
839 1298 926 1356 finem
934 1298 1070 1374 imposuit
1082 1293 1216 1372 praelium
1231 1301 1308 1376 apud
1322 1304 1467 1360 Mundam.

429 1397 516 1451 lltsr.
526 1435 535 1466 ,
554 1395 627 1450 Bell.
649 1395 748 1467 lep„
765 1393 811 1468 39.

466 1501 533 1557 Cir.
549 1501 690 1556 xxxvl.
707 1499 736 1554 C.
753 1498 846 1554 Cario.
861 1496 908 1554 Ad
921 1495 1082 1573 Bagradam
1098 1495 1220 1567 flumen,
1235 1498 1299 1556 licet
1312 1499 1390 1556 victo
1404 1501 1470 1576 fuga

427 1602 555 1664 pateret,
573 1590 656 1664 periit
680 1609 746 1646 cum
764 1589 897 1646 omnibus
916 1589 990 1662 'quos
1016 1588 1140 1646 circeso
1164 1589 1295 1646 habebat.
1321 1594 1363 1648 Cf.
1388 1595 1469 1665 Cas,

428 1684 501 1738 Bell.
525 1683 597 1749 cta,
616 1701 663 1754 tv,
683 1691 736 1752 ἧος
754 1683 860 1752 From,
877 1700 921 1750 ιν,
939 1698 975 1750 23
991 1682 1097 1750 Vsum,
1113 1699 1153 1752 n,
1173 1679 1219 1736 55.

468 1788 629 1854 Dolabella.
644 1789 747 1858 Oros,
765 1807 812 1858 vt,
829 1785 862 1842 15
880 1805 887 1840 ε
906 1813 918 1836 «ι
931 1785 1079 1842 Dolabella
1098 1785 1222 1859 partium
1241 1789 1370 1859 Coesaris,
1384 1789 1415 1844 in
1431 1793 1468 1845 ll-

427 1881 516 1956 lyrico
529 1900 582 1956 per
590 1882 740 1940 Octavium
750 1892 778 1937 et
792 1881 932 1936 Libonem
946 1879 1051 1949 victus,
1065 1877 1213 1953 copiisque
1225 1891 1343 1952 exutus,
1359 1882 1399 1938 ad
1407 1887 1468 1938 An-

426 1973 537 2030 tonium
551 1973 633 2050 fugit.
651 1998 663 2023 υ

469 2067 584 2120 Ultimo.
602 2065 666 2121 scil.
689 2064 724 2120 ad
747 2063 893 2120 Mundam.
916 2063 1005 2133 velt,
1022 2082 1064 2134 11,
1091 2061 1126 2119 55
1148 2083 1155 2116 ε
1178 2065 1322 2119 «Nullum
1342 2083 1469 2140 unquam

426 2157 548 2213 atrocius
566 2157 810 2230 periculosiusque
825 2156 861 2211 ab
882 2173 917 2210 eo
935 2153 1036 2209 initum
1049 2155 1192 2228 proelium.
1210 2179 1222 2204 ο

465 2264 532 2320 en.
553 2263 708 2318 xxxvn.
727 2261 888 2335 Quinquies.
909 2261 1040 2330 Quatuor
1059 2259 1171 2333 priores
1186 2261 1346 2336 triumphos
1360 2263 1420 2339 egit
1437 2267 1468 2320 A.

426 2355 461 2410 U.
482 2353 557 2424 708,
576 2353 668 2410 redux
682 2372 717 2410 ex
733 2352 846 2426 Αἰτίοις
865 2352 996 2427 quintum
1014 2352 1144 2426 sequenti
1163 2371 1359 2428 aano,quum
1373 2374 1469 2412 mense
1544 2415 1547 2420 ,

426 2445 539 2502 octobri
555 2444 586 2500 in
599 2446 707 2502 Urbem
722 2444 888 2500 revertisset.

466 2551 637 2608 Gallicam...
653 2550 1082 2626 &pruniensem-Gallicam,
1096 2548 1114 2604 i.
1135 2567 1160 2606 e.
1180 2549 1216 2606 de
1233 2549 1320 2606 Gallis
1334 2551 1465 2608 subactis.

426 2643 669 2710 Alexandrinam,
690 2642 706 2698 i.
729 2661 754 2698 e.
782 2642 819 2698 de
834 2651 967 2716 superato
991 2651 1020 2697 et
1036 2650 1138 2696 necato
1155 2643 1308 2697 Ptolemaeo
1326 2660 1405 2718 rege.
1430 2677 1467 2686 -

426 2735 586 2800 Poaa’cam,
603 2733 621 2789 i.
636 2753 660 2790 e.
678 2734 714 2790 de
733 2734 877 2789 Pharnace
894 2732 979 2788 victo.
997 2763 1037 2774 -
1053 2733 1241 2806 Africanam,
1263 2733 1282 2787 i.
1296 2751 1320 2788 e.
1340 2733 1380 2789 de
1396 2736 1466 2790 laba

425 2837 452 2882 et
465 2826 581 2883 Mauris.
599 2856 640 2870 ·-
654 2828 890 2902 Hispaniensem,
912 2826 949 2882 de
968 2825 1098 2900 Pompeii
1113 2823 1217 2882 liberis.

464 2933 578 2987 Diuersa
600 2945 754 3006 apparata.
778 2934 905 3002 Velim,
924 2930 959 2988 56
983 2951 1004 2986 ε.
1017 2933 1143 2989 «Gallici
1161 2941 1313 3005 apparatus
1335 2951 1371 2988 ex
1397 2933 1466 2989 citro

425 3023 543 3098 (melius
569 3043 633 3080 cum
651 3025 784 3080 Torreat.
804 3024 923 3100 cedro),
941 3023 1052 3079 Pontici
1072 3044 1107 3080 ex
1122 3010 1243 3081 acantho
1279 3011 1466 3080 Alexandrini

424 3114 582 3186 testudine,
596 3114 685 3172 utrici
700 3117 801 3187 ebore,
811 3115 1003 3192 Hispaniensis
1011 3129 1131 3192 argento
1141 3115 1217 3172 rasili
1229 3116 1365 3172 constitit.
1376 3143 1388 3167 ι
1402 3121 1465 3192 Ap-

422 3218 544 3280 paratus
557 3217 623 3262 sunt
638 3208 752 3278 tabula,
766 3207 848 3284 'signa
857 3250 865 3278 ,
875 3207 1023 3264 simulacra
1041 3208 1233 3282 oppidorum,
1246 3207 1370 3280 arcium,
1383 3228 1467 3264 mon-

424 3299 506 3369 tium,
525 3295 696 3370 fluviorum,
711 3310 782 3370 etc,
802 3319 865 3374 quae
884 3302 994 3373 sculpta
1010 3301 1090 3376 ligno
1104 3303 1148 3356 vel
1169 3300 1334 3374 pretiosiori
1349 3297 1467 3356 materia

423 3391 453 3446 iu
472 3390 623 3465 triumphis
635 3391 868 3466 praeferebantur.
888 3391 1026 3462 Quintil,
1044 3395 1129 3459 last,
1149 3393 1228 3463 v1,3
1251 3411 1258 3446 τ
1281 3417 1293 3441 ο
1315 3395 1415 3462 Quum
1434 3394 1468 3452 io

422 3482 569 3556 triumpho
591 3483 706 3540 Caesaris
726 3484 829 3548 eborea
852 3483 960 3558 oppida
984 3495 1076 3540 essent
1097 3485 1248 3554 translata,
1266 3493 1294 3540 et
1314 3496 1382 3557 post
1407 3486 1471 3541 dies

422 3593 529 3648 paucos
554 3575 634 3631 Fabii
654 3577 772 3632 Maximi
792 3577 918 3653 lignea.»
941 3579 1092 3633 Gestamen
1110 3597 1170 3653 quo
1198 3578 1470 3646 transvehebantur,

420 3667 556 3732 famulum
575 3667 768 3725 nominabant.
1296 3667 1300 3685 '

466 3772 626 3827 Velabrum.
640 3775 738 3830 Roma
747 3774 827 3850 regio
845 3785 905 3830 erat
913 3792 1005 3848 prope
1016 3774 1110 3829 lorum
1129 3775 1281 3845 Boarium,
1297 3777 1467 3844 Musarum,

427 3866 531 3941 Topog.
548 3885 631 3932 mim,
652 3886 701 3937 tv,
721 3887 746 3936 7.

461 3958 656 4030 Lychnachos.
679 3961 771 4015 Docet
803 3957 889 4014 Wolf.
920 3959 1093 4032 &cunuchos
1121 3978 1179 4016 esse
1202 3959 1372 4017 candelabra
1407 3959 1471 4014 eie-

424 4047 595 4119 phantorum
613 4050 836 4125 proboscidibus
854 4051 994 4124 imposita.

463 4153 529 4209 Car.
545 4157 716 4212 xxxvln.
736 4157 887 4210 litmaltas.
904 4157 940 4212 fl.
957 4175 981 4211 e.
1002 4155 1086 4228 belli,
1102 4167 1134 4210 nt
1151 4156 1225 4227 Cic,
1251 4157 1374 4230 Philipp.
1393 4174 1472 4224 vin,
