3164 5442
398 468 455 526 216
703 543 706 550 .
868 473 983 532 ΝΟΜ

440 591 544 666 Aponi.
564 589 691 660 Lucam,
707 607 770 659 vu,
787 605 842 644 nou
860 609 866 643 ε

503 771 624 836 Euganeo,
637 767 657 817 si
672 783 728 818 tera
741 768 801 818 tides
812 767 1017 830 memorantibus,
1030 783 1104 835 augur

504 851 573 906 cous
582 851 682 910 οοάοιιο,
692 856 794 920 Aponus
808 852 879 903 terris
890 853 932 902 ubi
944 851 1040 904 fumifer
1051 853 1115 912 exit,

505 937 586 1001 Atque
597 936 729 986 Antenorei
741 935 885 1004 dispergitur
894 935 959 986 unda
971 935 1076 987 Timavi.

441 1105 586 1162 Summam
606 1123 762 1160 numanam.
780 1105 846 1162 Seii.
857 1105 967 1178 jactum
981 1123 1151 1176 venereum,
1166 1106 1218 1182 qui
1230 1107 1396 1166 habebatur
1407 1109 1450 1166 ic-

398 1195 556 1254 lieiseimus.
577 1196 621 1254 Ci.
636 1215 738 1271 supra,
763 1201 856 1272 Aug„
876 1215 955 1254 cxxi.

440 1289 607 1365 Conspecta.
621 1290 757 1364 Aquilam
768 1289 905 1346 Rhodum
914 1309 973 1346 nou
988 1291 1094 1347 babere
1103 1299 1224 1348 testatur
1236 1291 1327 1363 Pliu,
1340 1293 1379 1350 Η.
1394 1294 1451 1359 N..

398 1399 433 1453 x,
451 1400 498 1458 ²9·
513 1385 557 1438 De
576 1400 608 1437 re
627 1381 883 1438 luculentissimum
902 1383 1082 1457 Apollonide
1096 1401 1210 1439 cumen
1229 1383 1296 1441 vide
1311 1384 1343 1441 in
1364 1386 1452 1444 Anat.

396 1493 505 1550 greca,
529 1475 587 1530 vol.
613 1491 699 1548 rr,p.
719 1493 789 1545 ιιι,
814 1485 842 1530 ct
865 1476 1012 1530 Amiaadv.
1035 1475 1151 1542 Jacob,
1171 1478 1229 1533 vol.
1255 1495 1298 1547 rr,
1321 1490 1398 1553 part.
1422 1499 1452 1546 ι,

398 1585 427 1640 p.
444 1565 511 1624 362.

443 1659 634 1732 Thrasyllum.
648 1660 692 1716 De
706 1679 767 1733 quo
780 1679 844 1733 sup.
859 1665 934 1736 Aug.
942 1699 952 1727 ,
974 1679 1079 1716 xevnr.

438 1751 628 1826 Praecipitare
641 1751 671 1806 in
686 1771 776 1808 auare.
794 1753 836 1809 Ci.
851 1755 961 1824 Dima,
976 1772 1022 1823 av,
1035 1773 1064 1827 p.
1081 1752 1148 1809 556.
1163 1753 1207 1810 Ita
1221 1753 1343 1824 zonam,
1357 1757 1449 1820 Anu,

399 1865 440 1916 11,
451 1863 480 1920 P·
500 1844 553 1916 167
571 1865 579 1902 ἔ
593 1854 670 1925 Λόγος
680 1853 746 1923 ixei,
759 1856 797 1906 iri
815 1855 938 1926 μιλλήοος
951 1855 1013 1906 ποτὶ
1030 1857 1053 1906 ir
1067 1861 1100 1925 τῇ
1109 1843 1230 1924 istoru
1245 1853 1388 1924 Θράσυλλον
1402 1855 1450 1906 aiei

399 1955 443 2002 τοῦ
457 1948 551 2018 τοίχους
564 1946 644 2010 ὤσειν,
657 1941 746 2005 irretiri
765 1947 835 2018 μόνος
849 1942 916 2016 αὐτῷ
934 1949 1007 2000 πάνθ’
1024 1949 1072 2002 iou
1090 1949 1177 2001 iratist
1190 1940 1303 2017 ουνῄδιι.

442 2045 508 2104 ess.
523 2044 589 2102 XV.
606 2043 735 2100 Coactus.
748 2042 854 2116 Tacit„
870 2047 993 2112 danai,
1009 2063 1037 2114 1,
1053 2045 1087 2102 3:
1102 2042 1343 2114 «Germanicum,
1358 2045 1453 2100 Druso

400 2147 512 2206 ortum,
529 2134 631 2192 reuniri
645 2153 699 2209 per
717 2135 903 2211 adoptionem
918 2135 1064 2194 aTiberio
1075 2134 1176 2210 jussit,
1195 2153 1364 2210 quanquam
1385 2145 1455 2192 asset

401 2229 433 2286 in
448 2227 536 2284 domo
554 2226 664 2282 Tiberii
681 2223 757 2284 filius
768 2227 889 2300 juvenis.
910 2253 922 2278 ο

443 2321 568 2378 Pccaleo.
578 2320 725 2376 Peculium
734 2321 894 2394 dicebatur,
903 2318 1049 2396 quidquid
1057 2331 1140 2395 pater
1148 2319 1193 2376 vel
1208 2319 1358 2392 domiuus,
1367 2317 1456 2376 filiurn

401 2431 485 2472 auum
499 2413 545 2469 vei
562 2431 675 2468 servum
690 2411 719 2468 io
738 2423 880 2488 potestate
893 2431 943 2470 sua
959 2412 1066 2470 babere
1084 2421 1113 2470 et
1129 2430 1186 2488 pro
1200 2429 1254 2468 suo
1269 2421 1395 2470 uactare
1408 2431 1454 2468 ar-

400 2506 489 2564 bitrio
501 2504 674 2580 patiebatur.

443 2600 592 2656 Abdicato.
607 2597 682 2654 Vide
695 2615 758 2673 sup.
774 2604 913 2676 Augure,
928 2618 993 2656 ιιι.

443 2710 511 2764 Ωιι.
527 2705 607 2762 XVI.
624 2707 738 2761 Rursus.
754 2707 919 2764 Postulante
937 2709 1069 2782 Augusto
1087 2725 1095 2762 ι
1110 2706 1219 2777 Tucia,
1233 2709 1327 2773 Anu,
1343 2723 1374 2777 r,
1395 2724 1429 2760 ro
1446 2725 1452 2758 :

402 2801 592 2875 «Augustus,
609 2797 709 2871 paucis
725 2810 791 2854 anta
812 2795 893 2854 anuis
902 2839 912 2870 ‚
926 2817 1018 2873 quum
1031 2797 1150 2856 Tiberio
1168 2797 1350 2854 tribunitiam
1371 2807 1455 2872 pote·

401 2904 503 2952 etatem
522 2891 686 2966 epatribus
701 2911 816 2948 rursum
835 2893 1002 2967 postularet.
1018 2917 1030 2942 υ

443 2988 627 3062 Delegauas...
641 2995 742 3042 status.
757 2985 918 3060 Impeditus
938 2983 1057 3060 quidem
1076 2985 1171 3056 locus,
1189 3002 1277 3059 quem
1291 2983 1456 3040 Casaubon.

403 3078 572 3136 mutandum
595 3076 744 3132 censuerit.
771 3063 961 3134 Disertissime
983 3078 1025 3136 cl.
1048 3077 1127 3132 Hase
1150 3096 1159 3128 :
1180 3100 1193 3126 ι
1208 3075 1322 3132 Dixisse
1342 3074 1459 3132 videtur

404 3181 506 3227 auctor
518 3170 667 3244 pacandae
684 3169 847 3224 Germamoe
862 3181 970 3238 status,
985 3168 1127 3248 vitarimus
1141 3178 1316 3247 iussorum
1336 3169 1459 3244 delega-

402 3277 447 3319 tus
459 3263 629 3336 pacandus,
650 3263 695 3317 vel
709 3263 847 3338 delegata
857 3263 998 3337 pacanda
1021 3262 1178 3319 Germania
1188 3262 1337 3336 praveircia
1344 3300 1357 3328 ,
1379 3260 1461 3336 quod

402 3375 485 3412 aures
499 3356 735 3412 horrescerent...
759 3355 809 3412 Est
827 3355 916 3433 igitur
937 3353 1030 3412 nostri
1054 3353 1112 3410 loci
1129 3371 1226 3410 sensus
1241 3373 1248 3408 :
1266 3355 1462 3410 demandatus

402 3459 447 3504 cst
468 3448 576 3503 Tiberio
589 3460 676 3503 status
694 3449 872 3514 Gatasmira,
892 3447 913 3503 i.
927 3466 952 3504 e.
971 3449 1039 3524 ipsa
1056 3447 1231 3516 Germania,
1251 3461 1281 3504 ut
1290 3449 1462 3521 pacanda,-

400 3542 563 3614 pacatiom's
578 3541 741 3616 rudigerus.»

443 3635 618 3708 Defectione.
633 3639 668 3688 Δ.
686 3635 723 3692 U.
745 3633 810 3710 759.

445 3728 656 3784 Gravissimum.
673 3728 763 3798 Veli,
783 3747 822 3800 ιι,
845 3747 919 3785 rto:
935 3731 1067 3786 «Tannus
1078 3728 1167 3801 hujus
1187 3726 1257 3783 belli
1276 3725 1334 3782 fuit
1351 3737 1466 3796 metus,

402 3831 436 3876 ut
450 3819 578 3876 stabilem
592 3819 671 3874 illum
687 3829 716 3874 et
729 3817 872 3877 &matum
885 3830 1033 3877 tantorum
1048 3821 1193 3877 bellorum
1205 3818 1467 3893 experientia&-

404 3913 474 3969 saria
488 3911 610 3988 Augusti
623 3912 751 3970 animum
764 3925 897 3988 quateret
911 3924 998 3988 atque
1012 3923 1140 3970 terreret.
1149 3911 1248 3969 Habiti
1262 3911 1364 3986 itaque
1377 3910 1467 3968 deie-

405 4015 483 4073 ctus,
497 4005 624 4062 revocati
637 4005 769 4081 undique
783 4026 881 4064 ornnes
895 4005 1036 4076 veterani,
1050 4005 1122 4076 viri,
1135 4003 1305 4079 seminaque
1322 4023 1360 4061 ex
1372 4024 1469 4060 censu

404 4097 569 4155 libertinum
590 4111 695 4156 coacta
711 4099 780 4156 dare
798 4099 925 4157 militem.
945 4099 1053 4156 Audita
1066 4098 1097 4154 iu
1111 4109 1212 4155 senatu
1227 4115 1287 4154 vox
1302 4095 1469 4173 principis:
