3168 5440
470 535 510 590 IN
532 536 563 591 C.
585 537 610 591 J.
632 535 828 592 CAESAREM.
1122 542 1175 600 153

172 649 254 707 Civili
266 650 372 706 anciran.
391 651 426 707 Η.
444 671 469 708 c.
491 670 574 726 aequo
594 663 622 736 et
640 651 766 708 remisso.
803 695 805 702 .

173 756 240 813 css.
260 757 394 817 Lxxvl.
419 757 589 813 Praenomen
606 757 803 831 Imperatoris.
820 761 913 814 Antea
935 759 1036 832 duces,
1056 781 1087 818 re
1105 763 1179 820 bene

128 858 217 924 gesta,
232 849 417 924 imperatam
429 849 634 920 salutabantur.
649 850 754 921 Caesar‚
771 861 801 905 ct
818 850 869 926 qui
885 869 950 907 eum
965 853 1053 909 secuti
1062 865 1137 928 sunt,
1150 855 1180 912 id

130 939 365 1013 sumserunt5sed
374 941 414 997 ita
420 952 454 997 ut
468 947 581 1015 semper
588 941 698 997 nomini
708 942 906 1015 subjiceretur.
915 944 962 1000 Ab
972 945 1027 1001 boc
1036 957 1167 1021 tempore
1172 992 1182 1020 ,

127 1051 160 1087 ιιι
174 1049 340 1107 pronomen
356 1052 527 1102 conversum
540 1043 642 1090 notare
661 1035 748 1108 coepit
761 1053 902 1092 summum
921 1036 1082 1110 imperium.

168 1138 337 1200 Flamrirem.
347 1138 422 1210 Cic,
440 1139 568 1213 Philipp.
583 1159 607 1195 11
615 1130 629 1210 ,Δ
639 1141 674 1208 43
692 1143 826 1213 :sQuem
845 1141 868 1197 is
882 1141 1020 1214 majorem
1040 1144 1180 1201 honorem

128 1240 379 1303 consecutuserat,
387 1248 475 1306 quam
483 1242 516 1287 ut
525 1233 644 1288 baberet
656 1233 797 1307 pulvinar,
810 1234 1009 1306 simulacrum,
1022 1235 1181 1310 fastigium,

129 1319 284 1379 flaruinem.
306 1324 356 1380 Est
372 1342 442 1398 ergo
467 1321 584 1394 flamen,
604 1335 636 1379 ut
650 1325 732 1396 lovi,
757 1336 790 1380 ut
810 1325 913 1396 Marti,
931 1337 964 1381 ut
983 1327 1122 1400 Quirino,
1143 1329 1179 1385 sic

130 1413 199 1471 divo
214 1415 293 1474 Julio
307 1418 348 1472 M.
362 1415 526 1473 Antonius?
539 1440 552 1467 s

166 1521 321 1594 Lupercos.
340 1521 412 1593 Dio,
425 1539 511 1592 mv,
525 1540 554 1594 p.
575 1521 631 1588 243
648 1541 655 1574 ἰ
674 1519 806 1600 Ῐιροποιοὺς
823 1550 851 1582 τι
866 1531 939 1590 larci
953 1535 1032 1593 navt:
1043 1552 1179 1604 γυμνοπαι-

128 1616 198 1706 διὰς,
207 1623 291 1692 τρίτην
308 1621 364 1674 τινὰ
383 1624 507 1694 incipias,
521 1623 549 1680 ἣν
574 1611 667 1674 locatas
689 1624 830 1694 ὠνόμασαν.
844 1614 915 1669 Duae
929 1617 1129 1673 laniummodo
1145 1618 1182 1674 ad

126 1704 184 1761 boc
204 1715 318 1779 tempus
332 1708 525 1780 Lupercorum
542 1705 706 1762 sodalitates
721 1726 727 1760 :
741 1707 933 1762 Fabrbnorum
947 1715 976 1762 et
987 1708 1180 1778 Quintiliano-

128 1817 198 1854 nsm.
213 1798 289 1856 Vide
300 1799 427 1857 Frsrurs.

171 1903 318 1960 Substituit
330 1903 392 1961 sibi.
408 1903 480 1960 Inde
493 1902 686 1960 substituendi
701 1902 756 1958 sibi
768 1903 855 1958 alium
871 1904 1050 1960 consuetudo
1064 1905 1180 1980 incepit.

127 1994 251 2054 suffecti
262 1997 300 2066 Q.
316 1995 422 2053 Fabius
434 1995 578 2052 Maximus
596 2005 624 2050 et
645 1996 676 2050 C.
695 1993 871 2066 Trebonium
886 2005 914 2050 et
927 2015 1025 2053 rursus
1042 1997 1072 2052 in
1086 1999 1183 2055 locum

126 2087 346 2162 Maximifflrid.
360 2088 415 2144 kal.
428 2088 488 2162 jan.
503 2087 647 2158 defuncti,
657 2085 688 2144 C.
697 2087 833 2145 Caninius
842 2089 968 2146 Rebilus.
984 2090 1027 2145 Cf.
1041 2091 1181 2163 Prorsus,

127 2184 222 2249 ΑΜ,
238 2201 292 2254 ιιι,
306 2201 337 2256 p.
356 2180 423 2254 457,
440 2192 468 2237 et
487 2184 661 2237 Bnusrcsnr.

168 2285 289 2346 &maisi
307 2289 396 2343 nulla.
415 2289 492 2344 Toto
515 2305 551 2342 eo
572 2297 702 2360 tempore
723 2305 783 2361 quo
804 2287 881 2343 victo
898 2288 1036 2362 Pompeio
1049 2289 1182 2364 AEgypti,

125 2379 213 2438 Ponti
227 2390 256 2436 et
271 2380 374 2439 atnoe
382 2379 464 2436 bellis
477 2381 569 2436 cesar
582 2379 778 2450 detinebatur,
790 2381 868 2436 nulla
883 2399 965 2454 paene
978 2382 1077 2437 habita
1095 2381 1183 2436 comi-

125 2471 236 2530 tiorum
248 2471 341 2543 ratio,
362 2491 395 2528 ac
407 2491 444 2528 ne
457 2471 535 2528 bello
551 2471 669 2546 quidem
684 2469 873 2544 hispaniensi3
889 2472 940 2528 sed
953 2473 1081 2546 magistri
1097 2473 1183 2547 equi-

125 2572 208 2635 turn,
227 2563 355 2637 primum
374 2563 535 2636 Antonius,
553 2573 654 2637 postea
680 2560 822 2636 Lepidus,
849 2563 966 2620 absente
992 2565 1117 2634 Caesare,
1138 2582 1184 2620 res

125 2655 253 2714 urbanas
266 2656 509 2714 administrarant.

165 2747 389 2824 Proesectosque.
407 2747 630 2824 Dcmagistratu
645 2763 741 2818 noro,
753 2747 810 2801 hoe
823 2745 940 2802 nomine
955 2747 1023 2801 inde
1039 2764 1054 2800 a
1069 2748 1184 2804 Caesaris

124 2849 259 2916 tempore
274 2841 365 2898 creari
378 2841 479 2912 solito,
490 2840 526 2896 cf.
543 2842 663 2909 noun,
678 2840 774 2912 Antiq.
793 2857 880 2906 mm„
900 2857 962 2909 vn,
981 2846 1034 2908 14,
1050 2837 1115 2906 504.

166 2934 316 2990 Praesente
331 2952 371 2990 se.
390 2933 483 2990 Aliter
496 2933 571 3005 Dio,
592 2949 726 3005 xn111,p.
741 2931 797 3001 237
818 2950 825 2984 τ
846 2928 877 2990 ἐν
897 2946 928 3010 τῇ
942 2935 1074 3009 ἀποδημίᾳ
1091 2947 1122 3009 τῇ
1140 2947 1183 2992 τοῦ

123 3033 256 3106 Καίσαρος
269 3035 291 3088 ai
301 3036 448 3106 netravtpn
457 3023 543 3087 ιιάιτιι
555 3032 589 3086 τὰ
604 3035 626 3084 is
646 3039 681 3100 τῷ
691 3034 763 3085 darn
776 3033 917 3102 πράγματα
931 3031 996 3101 par&
1010 3037 1053 3084 τοῦ
1071 3026 1182 3084 dissideo

124 3125 310 3198 ἱππαρχοῦντος
325 3128 404 3196 ἶσχον.

166 3225 292 3282 Petenti.
308 3226 419 3298 Nempe
437 3225 469 3280 C.
488 3223 610 3280 Caninio
623 3221 740 3292 Rebilo,
756 3221 822 3294 qui,
843 3238 879 3274 ex
899 3220 985 3275 Treb.
1005 3221 1076 3276 Poll.
1106 3240 1182 3293 vm,

123 3315 157 3371 in
175 3333 228 3372 sex
243 3315 330 3372 boras
344 3317 532 3372 Consulatum
547 3313 671 3386 suscepit
687 3332 694 3368 :
709 3313 829 3368 sconsul
845 3311 908 3383 ille,
922 3313 973 3386 qui
986 3330 1036 3368 sex
1052 3313 1182 3385 pomeri-

124 3406 221 3464 dianis
233 3407 314 3464 boris
328 3408 508 3465 consulanm
521 3407 657 3464 suffectus
670 3405 779 3461 habuit.
792 3431 804 3454 υ
820 3404 905 3461 Unde
921 3405 1005 3476 jocus
1012 3405 1058 3460 ille
1075 3404 1131 3461 Cic.
1143 3403 1184 3460 aci

127 3502 214 3557 Fam.
222 3541 233 3569 ,
247 3520 309 3572 var,
323 3502 362 3558 30
377 3521 384 3556 :
399 3500 542 3557 «Caninio
557 3499 767 3568 consulc‚scito
781 3498 923 3552 neminem
938 3497 1093 3570 prandisse.
1106 3496 1182 3552 Nihil

125 3604 227 3649 tamen
245 3611 281 3650 eo
295 3595 412 3650 consule
429 3593 497 3649 mali
511 3593 617 3648 factum
633 3601 674 3646 est
694 3609 702 3645 ε
723 3590 777 3646 luit
793 3591 868 3645 enirn
883 3589 1002 3646 mirifica
1021 3589 1183 3664 vigilantia,

126 3685 182 3760 qui
195 3705 249 3742 suo
268 3696 331 3743 toto
347 3688 498 3742 consulatu
514 3704 648 3742 somnum
660 3703 720 3738 non
738 3683 850 3738 viderit.
870 3708 882 3732 ι

170 3782 208 3834 In
224 3781 326 3854 plnres
348 3797 449 3834 annos.
468 3781 504 3834 ln
525 3777 772 3851 quinquennium
786 3776 927 3849 lippiam,
948 3777 982 3829 B.
1005 3774 1033 3828 C.
1053 3793 1062 3827 :
1080 3782 1120 3840 Εἰς
1134 3781 1181 3851 γὰρ

125 3879 265 3940 nunant<
277 3879 320 3933 nai
338 3880 372 3932 τὰ
391 3879 483 3932 ἀστικὰ
501 3882 558 3950 ἡμῖν
579 3878 613 3931 τὰ
630 3879 732 3938 ἐτήσια,
753 3877 796 3929 καὶ
815 3877 859 3937 τὰς
883 3885 931 3929 τῶν
953 3877 1056 3932 stanit.
1081 3893 1184 3944 capart-

128 3966 217 4024 rcidus
233 3972 364 4042 ἡγιμοιίας
373 3967 515 4033 διετάξατο.

176 4066 343 4124 Comum
361 4079 537 4124 ornamenta.
566 4065 630 4122 Scil.
652 4066 747 4121 sellam
766 4065 909 4133 curulem,
928 4063 1015 4118 sasccs
1038 4071 1066 4117 et
1085 4071 1182 4136 togam

127 4171 306 4234 praeiexiam.
