3108 5434
517 543 701 602 TIBERIUS.
1058 546 1113 622 139

99 659 194 728 exsilio
208 659 326 729 affecit.
346 663 497 730 Senaturi
514 662 616 733 latum
637 663 765 734 clavum
784 665 924 753 ademit,
941 691 1043 758 quum
1062 691 1114 735 eo·

99 783 262 874 pneuma,
279 782 342 850 sub
360 781 516 852 kalendas
526 783 624 878 julias
638 785 838 880 demigrasse
852 789 886 854 in
900 787 1030 872 hortos,
1046 813 1112 881 quo

97 899 177 970 ribus
202 916 278 996 post
304 902 395 972 diem
424 901 509 971 aedes
538 905 572 972 in
603 906 684 972 urbe
710 905 920 974 conduceret.
945 903 1055 976 Alium
1080 921 1114 974 et

98 1035 243 1111 questura
258 1023 416 1109 removit,
434 1021 524 1115 quod
544 1046 697 1111 uxorem,
718 1023 826 1117 pridie
847 1025 1016 1094 sortitione
1035 1025 1115 1094 duc·
1143 1003 1144 1011 .

99 1152 166 1224 tun,
181 1139 341 1232 postridie
359 1140 573 1235 repudiasset

135 1259 283 1328 xxxvt
305 1262 466 1328 Externas
487 1261 699 1348 cerimonias,
724 1261 882 1355 egyptios
900 1261 1115 1355 judaicosque

97 1379 164 1444 ritus
179 1379 403 1471 compescuit3
422 1379 559 1466 coactis,
580 1381 635 1472 qui
655 1380 887 1472 superstitione
905 1404 945 1450 ea
960 1382 1117 1450 teneban-

95 1511 153 1582 uu,
168 1496 340 1592 religiosas
355 1512 459 1568 vestet
476 1523 552 1568 cum
569 1499 787 1568 instrumento
804 1502 893 1570 omni
910 1501 1114 1570 comburere.

94 1615 270 1686 Judaeorum
287 1618 512 1710 juventutem,
527 1641 588 1712 per
602 1619 746 1710 speeiem
762 1621 974 1706 sacramenti,
989 1621 1023 1686 in
1041 1643 1117 1712 pro-

95 1735 202 1804 vincias
215 1737 378 1830 marionis
391 1735 464 1806 coeli
477 1737 642 1806 distribuit
655 1763 663 1805 :
679 1737 823 1831 reliquos
836 1737 941 1831 gentis
954 1737 1117 1831 ejusdem,

94 1854 136 1924 rel
149 1855 269 1926 similia
289 1871 470 1940 sectantes,
490 1858 572 1926 urbe
592 1859 789 1945 summovit,
807 1853 868 1926 sub
885 1881 982 1950 poena
999 1881 1117 1950 perpe-

95 1988 146 2041 tue
169 1977 358 2063 servitutis,
383 1977 446 2044 nisi
469 1977 760 2070 obtemperassent.
781 1975 917 2070 Expulit
937 1990 971 2044 et
990 1977 1117 2045 matbe-

93 2083 238 2162 maticosi
256 2093 317 2164 sed
330 2093 599 2190 deprecantibus,
616 2119 674 2183 ac,
687 2120 722 2163 se
737 2109 841 2164 artem
853 2093 1032 2184 desituros,
1046 2120 1119 2189 pro·

91 2213 309 2298 mittentibus,
329 2216 460 2282 veniam
479 2213 582 2283 dedit.

130 2335 304 2402 XXXVII.
322 2335 362 2400 In
377 2334 493 2426 primis
505 2332 636 2402 urendae
656 2335 745 2426 pacit
760 2359 783 2402 a
803 2336 997 2428 grassaturis
1015 2357 1053 2402 ac
1072 2333 1120 2402 la·

91 2452 228 2518 trociniis
243 2450 509 2545 seditionumque
530 2450 663 2522 licentia
680 2476 793 2520 euram
810 2453 936 2521 habuit.
955 2454 1118 2522 Stationes

91 2567 224 2638 militum
234 2593 297 2663 per
306 2569 436 2640 ltaliam
449 2569 545 2640 solito
560 2569 800 2664 frequentiores
817 2571 987 2665 disposuit.
1003 2577 1118 2640 Romae

90 2703 186 2756 castra
219 2690 409 2776 coustituit,
439 2690 559 2782 quibus
592 2691 797 2783 praetorianae
825 2691 999 2777 cohortes,
1029 2713 1119 2784 vagae

88 2819 156 2874 ante
169 2808 206 2876 id
221 2823 368 2901 tempus,
384 2822 418 2877 et
433 2833 493 2902 per
508 2809 651 2902 hospitia
668 2809 821 2902 dispersae
830 2859 840 2896 ,
858 2811 1117 2878 continerentur.

88 2927 263 3022 Populares
285 2927 444 3001 tumultus
465 2943 499 2998 et
517 2942 607 2998 ortos
625 2929 815 3022 gravissime
832 2930 999 3011 coercuit,
1015 2939 1062 3012 et,
1077 2953 1120 2996 ne

86 3050 267 3136 orirentur,
286 3045 401 3118 sedulo
420 3049 517 3119 cavit.
532 3047 632 3118 Caede
647 3050 682 3116 in
701 3049 831 3116 theatro
846 3073 907 3141 per
922 3047 1118 3116 discordiam

86 3165 240 3251 admissa,
267 3169 376 3261 capita
399 3167 580 3238 factionum
605 3182 639 3236 et
663 3169 855 3256 histriones,
879 3183 1014 3262 propter
1037 3193 1120 3260 quos

87 3285 326 3376 dissidebatur,
346 3287 519 3383 relegavit3
537 3313 614 3376 nec,
629 3303 665 3356 ut
686 3302 871 3375 revocaret,
886 3313 1032 3381 unquam
1045 3288 1121 3357 ullis

84 3408 195 3500 populi
219 3409 376 3502 precibus
397 3409 505 3502 potuit
528 3409 645 3476 evinci.
668 3411 783 3497 Quum
813 3407 998 3476 Pollentina
1027 3390 1124 3500 plebs

86 3525 178 3596 funus
197 3528 371 3621 cujusdam
393 3527 604 3621 primipilaris
627 3552 695 3596 non
711 3530 802 3621 prius
820 3553 860 3595 ex
877 3527 949 3596 foro
966 3529 1120 3611 misisset,

84 3671 181 3736 quam
195 3662 330 3716 extorta
342 3649 481 3740 pecunia
495 3671 555 3740 per
569 3649 636 3714 vim
649 3646 826 3715 heredibus
837 3646 879 3715 ad
892 3646 1119 3740 gladiatorium

82 3791 222 3852 munus;
242 3765 413 3854 cohortem
431 3767 474 3839 ab
491 3767 590 3855 urbe,
607 3781 641 3834 et
656 3765 754 3836 aliam
769 3767 902 3834 aCottii
917 3790 1035 3858 regno,
1054 3764 1120 3831 dis·

81 3886 242 3954 simulata
267 3887 392 3956 itineris
416 3911 529 3972 causa,
552 3887 688 3954 detectis
710 3901 846 3980 repente
870 3887 985 3972 armis,
1009 3885 1120 3952 conci·

81 4008 308 4099 sentibusque
329 4005 448 4102 signis,
466 4031 527 4102 per
545 4005 689 4075 diversus
708 4021 819 4098 portas
838 4007 871 4072 in
886 4004 1044 4097 oppidum
1062 4005 1120 4070 im·

81 4127 191 4212 misit;
229 4151 269 4194 ac
297 4143 422 4221 partem
452 4128 609 4219 majorem
637 4125 743 4218 plebei
773 4151 811 4193 ac
842 4123 1056 4192 decurionum
1087 4125 1117 4190 in
