3108 5434
381 563 391 580 ,
419 516 456 586 76
814 513 843 566 C.
865 511 1035 568 snzwnn

419 636 482 706 lius
511 657 697 728 passurum,
728 633 805 700 fisco
834 633 960 700 detrahi
990 629 1129 721 aliquid,
1164 653 1262 720 quam
1288 629 1429 696 civitatis

420 759 574 824 Romanae
591 750 714 844 vulgari
730 751 924 818 honorem'.»
942 753 1058 816 Servos
1074 770 1141 814 non
1159 759 1332 813 contentus
1347 746 1430 814 mul·

423 873 465 939 tis
482 868 725 938 difficultatibus
739 891 759 936 a
774 865 939 953 libertate,
954 879 987 934 et
1004 864 1109 932 multo
1129 863 1275 956 pluribus
1293 887 1313 931 a
1330 861 1430 931 liber·

423 1001 489 1056 tate
498 989 585 1080 justa
599 986 790 1070 removisse3
808 1007 910 1076 quum
929 999 963 1051 et
981 983 1022 1052 de
1039 1006 1178 1052 numero
1201 997 1234 1050 et
1257 981 1297 1050 de
1314 981 1428 1050 oondi-

424 1108 511 1174 tione
529 1129 567 1172 ac
590 1102 773 1171 differentia
798 1126 927 1184 eorum,
945 1103 1002 1193 qui
1028 1103 1350 1184 manumitterentur,
1379 1123 1435 1166 cu-

424 1225 508 1290 riose
531 1223 682 1308 cavisset,
701 1221 764 1288 hoc
781 1245 911 1312 quoque
935 1217 1067 1311 adjecit,
1085 1243 1126 1286 ne
1143 1219 1272 1285 vinctus
1289 1241 1432 1308 unquam

426 1354 570 1408 tortusue
587 1339 659 1430 quis
683 1336 750 1405 ullo
770 1336 926 1405 libertatis
950 1359 1068 1427 genere
1094 1337 1255 1402 civitatem
1280 1332 1435 1426 adipisce-

427 1471 527 1524 retur.
552 1458 657 1524 Etiam
683 1455 831 1522 habitum
848 1455 1065 1543 vestitumque
1084 1453 1258 1544 pristinum
1284 1449 1437 1518 reducere

428 1572 560 1640 studuit.
587 1576 634 1641 Ac
660 1574 726 1639 visa
761 1567 925 1662 quondam
962 1594 1025 1662 pro
1052 1570 1208 1636 concione
1241 1565 1436 1660 pullatorum

428 1691 539 1777 turba,
555 1686 818 1782 indignabundus
833 1701 865 1754 et
881 1685 1069 1772 clamitans,
1086 1689 1153 1772 En,

523 1877 681 1942 Romanos,
696 1892 788 1928 rerum
803 1872 947 1940 dominos,
963 1883 1130 1945 gentemque
1145 1874 1280 1946 togatam!

433 2045 599 2139 negotium
618 2041 776 2112 AEdilibus
794 2040 901 2128 dedit,
918 2066 959 2108 ne
977 2065 1074 2132 quem
1098 2041 1233 2133 posthac
1253 2056 1444 2132 paterentur

433 2165 466 2230 in
494 2162 567 2232 foro
594 2163 740 2244 circove,
769 2161 831 2228 nisi
866 2159 977 2251 positis
1004 2156 1163 2246 lacernis,
1189 2173 1336 2252 togatum
1363 2183 1443 2226 con-

434 2281 554 2350 sistere.

481 2401 568 2468 XLI.
590 2397 831 2468 Liberalitatem
842 2398 995 2466 omuibus
1004 2397 1173 2466 ordinibus
1189 2421 1247 2488 per
1262 2397 1448 2466 occasiones

434 2516 621 2608 frequenter
634 2517 791 2584 exhibuit
810 2517 897 2586 Nam
914 2529 967 2601 et,
984 2517 1112 2583 invecta
1126 2515 1209 2584 Urbi
1229 2513 1449 2584 Alexandrino

435 2634 603 2726 triumpho
619 2634 708 2728 regia
727 2657 821 2726 gaza,
840 2644 965 2700 tantam
984 2631 1112 2724 copiam
1131 2633 1319 2700 nummariae
1338 2633 1384 2698 rei
1407 2631 1449 2698 es·

436 2751 526 2838 tecit,
545 2765 598 2836 ut,
620 2751 731 2820 fenore
752 2749 937 2835 deminuto,
959 2746 1138 2841 plurimum
1161 2773 1315 2842 agrorum
1337 2750 1452 2840 pretiis

436 2869 622 2952 accesserit,
638 2883 672 2938 et
689 2881 817 2961 postea,
835 2866 963 2958 quoties
978 2889 1017 2934 ex
1034 2863 1261 2934 damnatorum
1287 2867 1379 2933 bouis
1397 2889 1453 2959 pe-

436 2987 533 3054 cunia
553 2983 782 3078 superflueret,
799 3007 896 3052 usum
914 2985 983 3074 ejus
993 2985 1172 3078 gratuitum
1188 2985 1246 3068 iis,
1267 2985 1323 3075 qui
1338 3007 1455 3052 cavere

438 3105 472 3170 in
488 3101 625 3195 duplum
643 3117 790 3195 possent,
803 3101 845 3171 ad
860 3118 985 3172 eertum
1004 3118 1132 3197 tempus
1148 3099 1292 3171 indulsit.
1313 3105 1455 3171 Senato-

439 3244 513 3288 rum
531 3244 664 3288 censum
682 3220 865 3313 ampliavit,
883 3245 922 3289 ac
941 3245 1002 3314 pro
1026 3201 1288 3314 octingentorum
1312 3217 1456 3288 millium

440 3361 567 3406 summa
594 3337 768 3408 duodecies
796 3340 943 3408 sestertio
972 3340 1110 3425 taxavit,
1134 3336 1359 3432 supplevitque
1390 3363 1461 3406 non

440 3455 644 3526 habentibus.
662 3457 836 3549 Congiaria
853 3455 977 3549 populo
998 3455 1186 3548 frequenter
1204 3455 1314 3540 dedit,
1331 3455 1387 3524 sed
1411 3455 1463 3522 di·

361 3637 364 3645 .
440 3597 540 3642 versae
566 3571 632 3642 sere
651 3597 786 3643 summae
803 3599 811 3642 τ
830 3572 930 3642 modo
948 3572 1208 3668 quadringenos,
1231 3573 1329 3642 modo
1356 3587 1466 3642 trece-

441 3717 519 3774 nos,
540 3715 778 3786 nonnuuquam
796 3691 939 3761 ducenos
957 3693 1266 3786 quinquagenosque
1288 3715 1465 3761 nummos:

442 3835 480 3878 ac
503 3835 544 3878 ne
570 3811 711 3880 minores
734 3808 867 3902 quidem
886 3835 1006 3904 pueros
1027 3812 1199 3904 preteriit,
1218 3811 1365 3904 quamvis
1394 3835 1466 3878 nou

443 3929 504 3998 nisi
523 3929 563 3996 ab
577 3927 750 3998 undecimo
762 3929 864 3997 aetatis
880 3952 967 3997 anno
982 3932 1127 4023 accipere
1143 3943 1362 3998 consuessent.
1381 3933 1472 3997 Fru-

444 4061 589 4114 mentum
620 4071 751 4140 quoque
778 4046 810 4112 in
836 4071 973 4115 annonae
993 4046 1238 4116 difficultatibus
1263 4071 1345 4140 saepe
1369 4045 1472 4114 levis-
