3114 5446
444 554 499 610 232
731 551 760 606 C.
782 551 956 607 SUETONII
977 549 1173 606 CLAUDIUS.

443 679 511 745 tine
530 675 661 762 addito,
683 699 786 767 quum
806 670 897 744 velut
915 675 1109 744 exhaustum
1131 675 1223 743 refici
1246 674 1321 742 cibo
1337 691 1463 769 oporte·

443 812 510 883 ret,
527 820 569 863 an
588 796 733 863 immisso
748 819 807 888 per
825 793 1013 888 clysterem,
1033 808 1070 863 ut
1086 795 1178 887 quasi
1200 793 1405 863 abundantia
1421 795 1462 863 la-

443 917 571 985 boranti
587 915 686 983 etiam
703 915 766 981 boc
782 938 902 1008 genere
918 913 1091 1007 egestionis
1107 913 1345 981 subveniretur.

491 1037 594 1102 XLV.
620 1036 712 1101 Mors
732 1035 802 1127 ejus
820 1031 924 1101 celata
942 1027 1006 1118 est,
1026 1032 1131 1100 donec
1147 1034 1233 1100 circa
1248 1057 1463 1102 successorem

443 1153 554 1221 omnia
579 1151 821 1220 ordinarentur.
850 1154 967 1244 Itaque
995 1165 1027 1219 et
1049 1153 1142 1244 quasi
1164 1176 1225 1246 pro
1248 1176 1335 1246 aegro
1358 1152 1464 1221 adbuc

442 1285 519 1338 vota
532 1285 684 1364 suscepta
698 1285 789 1356 sunt,
805 1286 839 1340 et
852 1270 977 1340 inducti
988 1295 1047 1364 per
1060 1269 1300 1340 simulationem
1310 1271 1463 1358 comoedi,

443 1391 500 1482 qui
518 1388 609 1458 velut
628 1388 864 1458 desiderantem
882 1381 1104 1458 oblectarent.
1115 1391 1259 1459 Excessit
1277 1392 1375 1458 tertio
1394 1390 1465 1458 idus

443 1509 601 1596 octobris,
634 1509 749 1577 Asinio
772 1507 947 1596 Marcello,
974 1507 1080 1578 Acilio
1108 1506 1238 1594 Aviola,
1260 1507 1466 1598 consulibus,

443 1642 562 1720 quarto
573 1643 606 1696 et
618 1629 818 1722 sexagesimo
830 1628 950 1714 atatis,
965 1629 1093 1721 imperii
1103 1626 1350 1719 quartodecimo
1364 1651 1467 1712 ann0;

443 1747 678 1840 funeratusque
696 1761 745 1814 est
761 1745 910 1815 sollemni
931 1747 1118 1840 principum
1139 1737 1273 1840 pompa,
1292 1760 1324 1814 et
1341 1747 1376 1814 iu
1405 1772 1464 1814 nu·

444 1890 571 1934 merum
589 1867 725 1934 deorum
741 1865 871 1934 relatus.
890 1867 997 1954 Quem
1017 1866 1359 1950 honorem,alleroue
1376 1865 1470 1934 desti·

444 1998 553 2052 tutum
574 1983 815 2076 abolitumque,
835 1986 958 2076 recepit
977 2009 1053 2054 mox
1069 2008 1130 2077 per
1146 1985 1396 2077 Vespasianum.

491 2105 613 2171 XLVI.
637 2104 797 2195 Praesagia
811 2105 925 2176 mortis
938 2103 1008 2195 ejus
1021 2104 1189 2198 praecipua
1207 2103 1342 2171 luerunt
1357 2129 1365 2170 :
1379 2129 1469 2172 exur-

446 2235 499 2288 tus
526 2222 652 2288 crinita
684 2220 799 2308 stellae,
821 2245 920 2314 quam
943 2235 1089 2292 cometen
1116 2237 1235 2290 vocant
1252 2248 1260 2289 z
1280 2237 1470 2316 tactumque

445 2341 485 2409 de
499 2339 580 2408 roelo
594 2356 845 2409 monumentum
856 2343 957 2410 Drusi
974 2343 1094 2436 patris3
1109 2357 1142 2409 et
1154 2342 1243 2438 quod
1255 2341 1369 2410 eodem
1381 2367 1469 2410 anno

445 2485 484 2528 ex
498 2462 647 2528 omnium
662 2462 912 2554 magistratuum
932 2485 1050 2554 genere
1065 2459 1212 2553 plerique
1228 2476 1367 2529 mortem
1383 2461 1472 2528 ubic

445 2594 529 2648 rant.
556 2579 620 2648 Sed
643 2605 703 2647 nec
731 2580 800 2672 ipse
825 2580 1013 2674 ignorasse,
1031 2593 1089 2647 aut
1116 2555 1471 2648 dissimulasseultima

444 2699 518 2765 vite
538 2723 603 2766 suae
620 2711 768 2791 tempora
787 2697 933 2784 videtur,
955 2697 1081 2789 aliquot
1102 2697 1235 2790 quidem
1252 2701 1467 2790 argumentis.

444 2819 531 2886 Nam
550 2833 582 2884 ct
599 2841 701 2909 quum
716 2815 864 2884 eonsules
884 2816 1086 2908 designaret,
1106 2817 1269 2884 neminem
1284 2815 1370 2884 ultra
1384 2843 1474 2885 men·

446 2959 529 3022 sem,
547 2960 615 3026 quo
630 2936 732 3020 obiit,
753 2935 936 3028 designavit
949 2961 957 3002 :
970 2950 1004 3003 et
1022 2937 1056 3002 in
1074 2950 1208 3020 senatu,
1226 2937 1280 3004 cui
1296 2938 1473 3004 novissime

445 3053 619 3140 interluit,
646 3052 787 3122 multum
813 3055 855 3122 ad
875 3055 1086 3122 concordiam
1107 3053 1225 3123 liberos
1251 3079 1328 3122 suos
1352 3056 1474 3122 cobor-

446 3187 548 3260 tatus,
573 3176 743 3266 utriusque
766 3189 893 3242 atatem
914 3173 1105 3268 suppliciter
1125 3175 1273 3266 patribus
1302 3196 1476 3242 commen·

446 3289 546 3359 davit.
566 3295 609 3360 Et
622 3293 656 3359 in
675 3292 789 3360 ultima
803 3294 991 3386 cognitione
1003 3319 1064 3387 pro
1077 3292 1252 3380 tribunali,
1271 3295 1478 3362 «accessisse

447 3435 481 3478 se
502 3410 544 3477 ad
567 3409 666 3480 finem
687 3411 943 3497 mortalitatis‚»
969 3437 1168 3505 quamquam
1186 3412 1478 3496 abominantibus,

447 3531 503 3623 qui
519 3532 713 3620 audiebant,
734 3530 832 3600 semel
854 3548 953 3625 atque
973 3535 1092 3602 iterum
1108 3534 1350 3628 pronunciavit.
