3098 5446
444 542 499 600 ass
845 542 874 596 C.
893 539 1067 599 sUtt'tutttt

443 693 519 738 mox
532 665 764 735 dominationis
781 689 846 734 suae
862 665 1005 734 fautores
1025 680 1123 758 atque
1142 677 1302 750 rectores,
1323 689 1446 750 veneno,

444 789 565 882 partim
579 787 680 872 cibis,
695 786 817 879 partim
834 785 1024 878 potionibus
1039 783 1160 866 indito,
1176 784 1357 876 intercepit.

432 985 440 1002 ,
490 907 648 976 XXXVI.
662 905 732 976 Nec
750 906 879 974 minore
897 905 1020 972 sevitia
1039 903 1118 973 loris
1134 905 1217 972 etin
1235 917 1361 972 exteros
1378 928 1450 998 gras·

444 1035 609 1096 natusest.
632 1021 734 1093 Stella
754 1024 890 1112 crinita,
905 1046 980 1116 quac
999 1025 1134 1092 summis
1155 1006 1370 1117 potestatibus¹
1393 1025 1450 1092 exi·

445 1145 526 1214 tium
549 1141 745 1238 portendere
765 1140 866 1236 vulgo
891 1155 1048 1236 putatur,
1072 1127 1131 1236 per
1156 1141 1328 1212 continuas
1345 1129 1450 1210 ⁴noctes

444 1264 524 1332 oriri
540 1277 694 1356 coeperat.
715 1262 839 1332 Anxius
855 1283 893 1330 ea
915 1283 968 1348 re,
985 1275 1022 1330 ut
1038 1283 1079 1330 ex
1095 1258 1211 1330 Rebilo
1233 1248 1393 1355 astrologo
1409 1259 1452 1328 di-

444 1379 539 1465 dicit,
555 1379 660 1450 solere
678 1404 770 1474 reges
788 1377 866 1449 talia
889 1393 1018 1450 ostenta
1036 1379 1123 1448 caede
1142 1377 1253 1473 aliqua
1269 1377 1384 1448 illustri
1406 1401 1452 1447 cx-

444 1502 556 1595 piarc,
573 1514 673 1592 atque
689 1513 824 1568 asemet
841 1501 875 1570 in
896 1501 1005 1594 capita
1023 1523 1197 1594 procerum
1211 1496 1389 1594 depellere,
1404 1522 1454 1566 no

444 1617 601 1689 bilissimo
626 1620 744 1712 cuique
770 1619 906 1688 exitium
936 1618 1122 1688 destinavit.
1154 1619 1330 1688 Enimvero
1362 1615 1455 1686 multo

444 1740 565 1833 magis,
581 1754 615 1806 et
634 1739 729 1831 quasi
748 1762 808 1832 per
818 1738 942 1832 justam
953 1761 1105 1822 causam,
1123 1736 1250 1806 duabus
1264 1737 1455 1830 conjuratio·

444 1857 540 1926 uibus
561 1855 764 1950 provulgatis
787 1879 956 1950 :quarum
975 1857 1067 1950 prior
1084 1857 1255 1950 majorque
1272 1856 1457 1938 Pisoniana,

445 1979 577 2060 Romae3
600 1976 780 2068 posterior,
801 1975 994 2062 Viniciana,
1012 1975 1191 2044 Beneventi
1210 1973 1352 2043 conflata
1371 1986 1459 2066 atque

444 2093 571 2162 detecta
588 2109 647 2162 cst.
673 2094 846 2196 Conjurati
869 2091 1049 2162 avinculis
1074 2091 1252 2188 triplicium
1277 2106 1459 2162 catenarum

445 2213 557 2282 dixere
573 2236 706 2280 causam
724 2235 852 2306 :quum
872 2212 1006 2304 quidam
1020 2213 1142 2280 crimen
1162 2210 1250 2280 ultro
1267 2211 1459 2296 faterentur,

445 2329 597 2400 nonnulli
616 2332 714 2399 etiam
732 2329 952 2424 imputarent,
970 2346 1128 2424 tanquam
1140 2328 1234 2399 aliter
1246 2329 1295 2398 illi
1308 2356 1377 2400 non
1393 2352 1461 2425 pos·

445 2465 534 2538 sent,
552 2451 614 2520 nisi
632 2464 753 2538 morte,
771 2474 979 2538 succurrere,
998 2449 1196 2519 dedecorato
1215 2447 1348 2544 flagitiis
1364 2449 1463 2518 omni·

445 2569 516 2637 bus.
540 2572 781 2638 Damnatorum
798 2567 893 2638 liberi
909 2569 1001 2638 Urbe
1021 2565 1127 2662 pulsi,
1143 2569 1312 2662 enectique
1328 2591 1464 2653 veneno,

445 2701 503 2756 aut
515 2685 613 2782 fatue.¹
624 2689 780 2776 Constat,
798 2685 958 2781 quosdam
970 2711 1046 2756 cum
1061 2685 1246 2782 pedagogis
1265 2701 1297 2756 et
1314 2687 1464 2782 capreriis

446 2829 513 2875 uno
526 2803 666 2899 prandio
681 2809 805 2902 pariter
818 2821 972 2895 necatos,
986 2805 1068 2876 alios
1081 2805 1238 2884 diurnum
1254 2805 1383 2878 victum
1398 2831 1467 2902 pro

446 2923 567 2994 hibitos
583 2949 740 3018 quaerere.
1437 3007 1441 3017 ,

492 3045 666 3115 XXXVII.
687 3039 806 3114 Nullus
824 3044 960 3138 posthac
978 3043 1144 3115 adbibitus
1161 3045 1307 3116 delectus
1325 3061 1386 3118 aut
1405 3069 1471 3112 mo·

447 3157 508 3228 dus
528 3159 757 3249 interimendi,
787 3187 1001 3256 quoscunque
1027 3161 1190 3254 libuisset,
1210 3187 1413 3259 quacunque
1436 3161 1474 3230 de

447 3301 557 3346 causa.
587 3277 651 3348 Sed
670 3304 712 3348 ne
735 3279 775 3348 de
803 3279 952 3374 pluribus
978 3281 1137 3370 referam,
1157 3281 1349 3354 Saluidieno
1367 3281 1473 3354 Orfito

446 3395 610 3489 objectum
636 3411 701 3486 est,
726 3397 815 3494 quod
844 3400 994 3470 tabernas
1021 3415 1086 3472 tres
1117 3399 1276 3472 dedomo
1297 3429 1359 3473 sua
1390 3403 1475 3472 circa

448 3518 570 3585 Forum
583 3515 770 3588 civitatibus
782 3519 825 3588 ad
840 3521 1012 3589 stationem
1023 3519 1178 3592 locasset:
1193 3523 1307 3593 Cassio
1321 3522 1476 3616 longino

444 3635 697 3728 jurisconsulto,
719 3663 757 3708 ac
773 3637 951 3720 luminibus
964 3639 1097 3730 orbato,
1113 3639 1204 3736 quod
1218 3643 1255 3710 in
1266 3657 1382 3712 vetere
1399 3663 1477 3736 gen·

448 3753 497 3823 tili
518 3771 689 3827 stemmate
705 3761 745 3828 C.
755 3759 877 3846 Cassii,
894 3762 1098 3854 percussoris·
1111 3763 1264 3850 Cmaris,
1286 3763 1481 3831 retinuisset

448 3875 633 3969 imagines:
658 3881 747 3948 Paeto
763 3879 932 3968 Thraseae,
956 3881 1081 3949 tristior
1104 3895 1136 3950 et
1156 3882 1327 3976 pedagogi
1355 3880 1480 3950 vultus.

447 3995 536 4062 Mori
545 3996 642 4087 jussis
655 4021 722 4066 non
735 3997 893 4092 amplius,
906 4023 1005 4092 quam
1018 4000 1175 4069 horarum
1187 3995 1354 4094 spatium,
1370 4001 1482 4068 dabat.

449 4115 495 4179 Ac
509 4137 548 4180 ne
563 4115 642 4206 quid
656 4141 755 4185 morae
769 4117 997 4208 interveniret,
1012 4117 1152 4190 medicos
1166 4119 1391 4210 admovebat,
1404 4120 1485 4212 «qui
