<?xml version="1.0" encoding="UTF-8"?>
<!DOCTYPE html PUBLIC "-//W3C//DTD XHTML 1.0 Transitional//EN"
    "http://www.w3.org/TR/xhtml1/DTD/xhtml1-transitional.dtd">
<html xmlns="http://www.w3.org/1999/xhtml" xml:lang="en" lang="en">
 <head>
  <title>
</title>
<meta http-equiv="Content-Type" content="text/html;charset=utf-8" />
  <meta name='ocr-system' content='tesseract 3.04.00' />
  <meta name='ocr-capabilities' content='ocr_page ocr_carea ocr_par ocr_line ocrx_word'/>
</head>
<body>
  <div class='ocr_page' id='page_1' title='image "./caiisuetonitran00grosgoog_0071.png"; bbox 0 0 3138 5438; ppageno 0'>
   <div class='ocr_carea' id='block_1_1' title="bbox 429 552 1053 612">
    <p class='ocr_par' dir='ltr' id='par_1_1' title="bbox 429 552 1053 612">
     <span class='ocr_line' id='line_1_1' title="bbox 429 552 1053 612; baseline -0.006 0"><span class='ocrx_word' id='word_1_1' title='bbox 429 552 466 612; x_wconf 73' lang='lat' dir='ltr'><strong>lo</strong></span> <span class='ocrx_word' id='word_1_2' title='bbox 831 554 859 608; x_wconf 84' lang='lat' dir='ltr'><strong>C.</strong></span> <span class='ocrx_word' id='word_1_3' title='bbox 879 553 1053 608; x_wconf 85' lang='lat' dir='ltr'><strong>SUETONll</strong></span> 
     </span>
    </p>
   </div>
   <div class='ocr_carea' id='block_1_2' title="bbox 410 667 1550 4229">
    <p class='ocr_par' dir='ltr' id='par_1_2' title="bbox 410 667 1550 4229">
     <span class='ocr_line' id='line_1_2' title="bbox 425 667 1449 774; baseline 0.013 -39"><span class='ocrx_word' id='word_1_4' title='bbox 425 670 459 736; x_wconf 90' lang='lat' dir='ltr'><strong>in</strong></span> <span class='ocrx_word' id='word_1_5' title='bbox 486 667 621 738; x_wconf 90' lang='lat' dir='ltr'><strong>modum</strong></span> <span class='ocrx_word' id='word_1_6' title='bbox 651 670 791 759; x_wconf 85' lang='lat' dir='ltr'><strong>enectis,</strong></span> <span class='ocrx_word' id='word_1_7' title='bbox 818 673 936 742; x_wconf 81' lang='lat' dir='ltr'><strong>bestias</strong></span> <span class='ocrx_word' id='word_1_8' title='bbox 963 699 1096 768; x_wconf 91' lang='lat' dir='ltr'><strong>quoque</strong></span> <span class='ocrx_word' id='word_1_9' title='bbox 1121 676 1163 745; x_wconf 90' lang='lat' dir='ltr'><strong>ad</strong></span> <span class='ocrx_word' id='word_1_10' title='bbox 1192 703 1312 748; x_wconf 91' lang='lat' dir='ltr'><strong>munus</strong></span> <span class='ocrx_word' id='word_1_11' title='bbox 1338 679 1449 774; x_wconf 88' lang='lat' dir='ltr'><strong>populi</strong></span> 
     </span>
     <span class='ocr_line' id='line_1_3' title="bbox 422 789 1451 890; baseline 0.012 -36"><span class='ocrx_word' id='word_1_12' title='bbox 422 802 626 879; x_wconf 82' lang='lat' dir='ltr'><strong>comparatus</strong></span> <span class='ocrx_word' id='word_1_13' title='bbox 643 789 935 863; x_wconf 82' lang='lat' dir='ltr'><strong>contrucidaverat.</strong></span> <span class='ocrx_word' id='word_1_14' title='bbox 951 797 1102 887; x_wconf 90' lang='lat' dir='ltr'><strong>Denique</strong></span> <span class='ocrx_word' id='word_1_15' title='bbox 1119 809 1265 890; x_wconf 83' lang='lat' dir='ltr'><strong>tempore</strong></span> <span class='ocrx_word' id='word_1_16' title='bbox 1285 812 1451 885; x_wconf 85' lang='lat' dir='ltr'><strong>extremo,</strong></span> 
     </span>
     <span class='ocr_line' id='line_1_4' title="bbox 422 906 1450 1004; baseline 0.014 -34"><span class='ocrx_word' id='word_1_17' title='bbox 422 906 541 992; x_wconf 89' lang='lat' dir='ltr'><strong>etiam,</strong></span> <span class='ocrx_word' id='word_1_18' title='bbox 568 907 687 997; x_wconf 88' lang='lat' dir='ltr'><strong>quibus</strong></span> <span class='ocrx_word' id='word_1_19' title='bbox 719 907 867 975; x_wconf 92' lang='lat' dir='ltr'><strong>nondum</strong></span> <span class='ocrx_word' id='word_1_20' title='bbox 895 912 1084 1004; x_wconf 85' lang='lat' dir='ltr'><strong>ignoverat,</strong></span> <span class='ocrx_word' id='word_1_21' title='bbox 1109 917 1237 984; x_wconf 90' lang='lat' dir='ltr'><strong>cunctis</strong></span> <span class='ocrx_word' id='word_1_22' title='bbox 1263 917 1297 983; x_wconf 92' lang='lat' dir='ltr'><strong>in</strong></span> <span class='ocrx_word' id='word_1_23' title='bbox 1322 915 1450 984; x_wconf 88' lang='lat' dir='ltr'><strong>Italiam</strong></span> 
     </span>
     <span class='ocr_line' id='line_1_5' title="bbox 421 1024 1450 1127; baseline 0.01 -35"><span class='ocrx_word' id='word_1_24' title='bbox 421 1024 528 1092; x_wconf 90' lang='lat' dir='ltr'><strong>redire</strong></span> <span class='ocrx_word' id='word_1_25' title='bbox 548 1024 713 1116; x_wconf 83' lang='lat' dir='ltr'>permisit,</span> <span class='ocrx_word' id='word_1_26' title='bbox 733 1027 1005 1122; x_wconf 79' lang='lat' dir='ltr'><strong>magistratusque</strong></span> <span class='ocrx_word' id='word_1_27' title='bbox 1025 1047 1058 1100; x_wconf 89' lang='lat' dir='ltr'><strong>et</strong></span> <span class='ocrx_word' id='word_1_28' title='bbox 1082 1033 1218 1126; x_wconf 88' lang='lat' dir='ltr'><strong>imperia</strong></span> <span class='ocrx_word' id='word_1_29' title='bbox 1239 1057 1363 1127; x_wconf 87' lang='lat' dir='ltr'><strong>capere.</strong></span> <span class='ocrx_word' id='word_1_30' title='bbox 1387 1035 1450 1104; x_wconf 87' lang='lat' dir='ltr'><strong>Sed</strong></span> 
     </span>
     <span class='ocr_line' id='line_1_6' title="bbox 420 1141 1452 1246; baseline 0.011 -36"><span class='ocrx_word' id='word_1_31' title='bbox 420 1156 453 1210; x_wconf 88' lang='lat' dir='ltr'><strong>et</strong></span> <span class='ocrx_word' id='word_1_32' title='bbox 470 1157 593 1212; x_wconf 84' lang='lat' dir='ltr'><strong>statuas</strong></span> <span class='ocrx_word' id='word_1_33' title='bbox 610 1146 649 1212; x_wconf 94' lang='lat' dir='ltr'><strong>L.</strong></span> <span class='ocrx_word' id='word_1_34' title='bbox 670 1141 768 1213; x_wconf 85' lang='lat' dir='ltr'><strong>Sultae</strong></span> <span class='ocrx_word' id='word_1_35' title='bbox 782 1159 880 1238; x_wconf 87' lang='lat' dir='ltr'><strong>atque</strong></span> <span class='ocrx_word' id='word_1_36' title='bbox 893 1151 1039 1242; x_wconf 91' lang='lat' dir='ltr'><strong>Pompeii</strong></span> <span class='ocrx_word' id='word_1_37' title='bbox 1052 1149 1177 1243; x_wconf 84' lang='lat' dir='ltr'><strong>aplebe</strong></span> <span class='ocrx_word' id='word_1_38' title='bbox 1190 1149 1339 1244; x_wconf 86' lang='lat' dir='ltr'><strong>disjectas</strong></span> <span class='ocrx_word' id='word_1_39' title='bbox 1354 1177 1452 1246; x_wconf 90' lang='lat' dir='ltr'><strong>repo-</strong></span> 
     </span>
     <span class='ocr_line' id='line_1_7' title="bbox 420 1262 1550 1365; baseline 0.018 -35"><span class='ocrx_word' id='word_1_40' title='bbox 420 1262 495 1330; x_wconf 87' lang='lat' dir='ltr'><strong>suit.</strong></span> <span class='ocrx_word' id='word_1_41' title='bbox 515 1265 581 1350; x_wconf 81' lang='lat' dir='ltr'><strong>Ac,</strong></span> <span class='ocrx_word' id='word_1_42' title='bbox 599 1265 626 1332; x_wconf 92' lang='lat' dir='ltr'><strong>si</strong></span> <span class='ocrx_word' id='word_1_43' title='bbox 643 1289 709 1356; x_wconf 89' lang='lat' dir='ltr'><strong>qua</strong></span> <span class='ocrx_word' id='word_1_44' title='bbox 725 1263 860 1356; x_wconf 86' lang='lat' dir='ltr'><strong>posthac</strong></span> <span class='ocrx_word' id='word_1_45' title='bbox 875 1281 933 1335; x_wconf 89' lang='lat' dir='ltr'><strong>aut</strong></span> <span class='ocrx_word' id='word_1_46' title='bbox 949 1273 1169 1365; x_wconf 79' lang='lat' dir='ltr'><strong>cogitarentur</strong></span> <span class='ocrx_word' id='word_1_47' title='bbox 1180 1273 1323 1345; x_wconf 85' lang='lat' dir='ltr'><strong>Gravius</strong></span> <span class='ocrx_word' id='word_1_48' title='bbox 1335 1279 1446 1350; x_wconf 86' lang='lat' dir='ltr'><strong>adver·</strong></span> <span class='ocrx_word' id='word_1_49' title='bbox 1549 1313 1550 1326; x_wconf 50' lang='lat'>¹</span> 
     </span>
     <span class='ocr_line' id='line_1_8' title="bbox 421 1381 1449 1485; baseline 0.007 -32"><span class='ocrx_word' id='word_1_50' title='bbox 421 1407 476 1453; x_wconf 90' lang='lat' dir='ltr'><strong>sus</strong></span> <span class='ocrx_word' id='word_1_51' title='bbox 491 1403 541 1460; x_wconf 81' lang='lat' dir='ltr'><strong>se.</strong></span> <span class='ocrx_word' id='word_1_52' title='bbox 559 1397 617 1454; x_wconf 85' lang='lat' dir='ltr'><strong>aut</strong></span> <span class='ocrx_word' id='word_1_53' title='bbox 631 1381 837 1471; x_wconf 78' lang='lat' dir='ltr'><strong>dicerentur,</strong></span> <span class='ocrx_word' id='word_1_54' title='bbox 850 1393 1000 1465; x_wconf 86' lang='lat' dir='ltr'><strong>inhibere</strong></span> <span class='ocrx_word' id='word_1_55' title='bbox 1009 1389 1141 1480; x_wconf 86' lang='lat' dir='ltr'><strong>maluit,</strong></span> <span class='ocrx_word' id='word_1_56' title='bbox 1155 1416 1255 1485; x_wconf 89' lang='lat' dir='ltr'><strong>quam</strong></span> <span class='ocrx_word' id='word_1_57' title='bbox 1272 1392 1449 1461; x_wconf 85' lang='lat' dir='ltr'><strong>vindicare.</strong></span> 
     </span>
     <span class='ocr_line' id='line_1_9' title="bbox 418 1503 1451 1603; baseline 0.006 -31"><span class='ocrx_word' id='word_1_58' title='bbox 418 1503 535 1599; x_wconf 87' lang='lat' dir='ltr'><strong>Itaque</strong></span> <span class='ocrx_word' id='word_1_59' title='bbox 558 1520 591 1576; x_wconf 88' lang='lat' dir='ltr'><strong>ct</strong></span> <span class='ocrx_word' id='word_1_60' title='bbox 614 1509 759 1580; x_wconf 85' lang='lat' dir='ltr'><strong>detectas</strong></span> <span class='ocrx_word' id='word_1_61' title='bbox 781 1509 1025 1603; x_wconf 88' lang='lat' dir='ltr'><strong>conjurationes</strong></span> <span class='ocrx_word' id='word_1_62' title='bbox 1045 1524 1295 1603; x_wconf 85' lang='lat' dir='ltr'><strong>conventusque</strong></span> <span class='ocrx_word' id='word_1_63' title='bbox 1315 1526 1451 1580; x_wconf 89' lang='lat' dir='ltr'><strong>noctur-</strong></span> 
     </span>
     <span class='ocr_line' id='line_1_10' title="bbox 419 1625 1453 1726; baseline 0.006 -34"><span class='ocrx_word' id='word_1_64' title='bbox 419 1649 479 1694; x_wconf 91' lang='lat' dir='ltr'><strong>nos</strong></span> <span class='ocrx_word' id='word_1_65' title='bbox 499 1651 567 1694; x_wconf 91' lang='lat' dir='ltr'><strong>non</strong></span> <span class='ocrx_word' id='word_1_66' title='bbox 594 1625 684 1697; x_wconf 92' lang='lat' dir='ltr'><strong>ultra</strong></span> <span class='ocrx_word' id='word_1_67' title='bbox 706 1630 835 1726; x_wconf 87' lang='lat' dir='ltr'><strong>arguit,</strong></span> <span class='ocrx_word' id='word_1_68' title='bbox 856 1653 956 1722; x_wconf 89' lang='lat' dir='ltr'><strong>quam</strong></span> <span class='ocrx_word' id='word_1_69' title='bbox 982 1643 1020 1699; x_wconf 90' lang='lat' dir='ltr'><strong>ut</strong></span> <span class='ocrx_word' id='word_1_70' title='bbox 1040 1628 1148 1698; x_wconf 88' lang='lat' dir='ltr'><strong>edicto</strong></span> <span class='ocrx_word' id='word_1_71' title='bbox 1172 1628 1358 1699; x_wconf 87' lang='lat' dir='ltr'><strong>ostenderet</strong></span> <span class='ocrx_word' id='word_1_72' title='bbox 1382 1654 1453 1698; x_wconf 86' lang='lat' dir='ltr'><strong>esse</strong></span> 
     </span>
     <span class='ocr_line' id='line_1_11' title="bbox 419 1743 1455 1841; baseline 0.005 -30"><span class='ocrx_word' id='word_1_73' title='bbox 419 1743 481 1812; x_wconf 89' lang='lat' dir='ltr'><strong>sibi</strong></span> <span class='ocrx_word' id='word_1_74' title='bbox 502 1757 612 1833; x_wconf 81' lang='lat' dir='ltr'><strong>uotas3</strong></span> <span class='ocrx_word' id='word_1_75' title='bbox 633 1760 666 1814; x_wconf 87' lang='lat' dir='ltr'><strong>et</strong></span> <span class='ocrx_word' id='word_1_76' title='bbox 684 1748 802 1816; x_wconf 79' lang='lat' dir='ltr'><strong>acerbe</strong></span> <span class='ocrx_word' id='word_1_77' title='bbox 822 1747 1032 1841; x_wconf 87' lang='lat' dir='ltr'><strong>loquentibus</strong></span> <span class='ocrx_word' id='word_1_78' title='bbox 1052 1748 1130 1816; x_wconf 86' lang='lat' dir='ltr'><strong>satis</strong></span> <span class='ocrx_word' id='word_1_79' title='bbox 1151 1747 1268 1818; x_wconf 88' lang='lat' dir='ltr'><strong>habuit</strong></span> <span class='ocrx_word' id='word_1_80' title='bbox 1287 1773 1349 1840; x_wconf 89' lang='lat' dir='ltr'><strong>pro</strong></span> <span class='ocrx_word' id='word_1_81' title='bbox 1368 1773 1455 1816; x_wconf 81' lang='lat' dir='ltr'><strong>cou-</strong></span> 
     </span>
     <span class='ocr_line' id='line_1_12' title="bbox 419 1864 1453 1962; baseline 0.006 -32"><span class='ocrx_word' id='word_1_82' title='bbox 419 1864 515 1932; x_wconf 90' lang='lat' dir='ltr'><strong>cione</strong></span> <span class='ocrx_word' id='word_1_83' title='bbox 544 1864 760 1956; x_wconf 87' lang='lat' dir='ltr'><strong>denuntiare,</strong></span> <span class='ocrx_word' id='word_1_84' title='bbox 789 1893 831 1937; x_wconf 93' lang='lat' dir='ltr'><strong>ne</strong></span> <span class='ocrx_word' id='word_1_85' title='bbox 859 1880 1114 1961; x_wconf 82' lang='lat' dir='ltr'><strong>perseverarent.</strong></span> <span class='ocrx_word' id='word_1_86' title='bbox 1141 1864 1284 1962; x_wconf 82' lang='lat' dir='ltr'><strong>Aulique</strong></span> <span class='ocrx_word' id='word_1_87' title='bbox 1312 1869 1453 1938; x_wconf 72' lang='lat' dir='ltr'><strong>Ctecinae</strong></span> 
     </span>
     <span class='ocr_line' id='line_1_13' title="bbox 418 1982 1431 2076; baseline 0.004 -26"><span class='ocrx_word' id='word_1_88' title='bbox 418 1982 688 2054; x_wconf 86' lang='lat' dir='ltr'><strong>criminosissimo</strong></span> <span class='ocrx_word' id='word_1_89' title='bbox 713 1985 819 2076; x_wconf 92' lang='lat' dir='ltr'><strong>libro,</strong></span> <span class='ocrx_word' id='word_1_90' title='bbox 850 2001 883 2056; x_wconf 88' lang='lat' dir='ltr'><strong>et</strong></span> <span class='ocrx_word' id='word_1_91' title='bbox 911 1983 1054 2055; x_wconf 84' lang='lat' dir='ltr'><strong>Pitholai</strong></span> <span class='ocrx_word' id='word_1_92' title='bbox 1081 1985 1281 2056; x_wconf 87' lang='lat' dir='ltr'><strong>carminibus</strong></span> <span class='ocrx_word' id='word_1_93' title='bbox 1311 1984 1431 2058; x_wconf 88' lang='lat' dir='ltr'><strong>maledi</strong></span> 
     </span>
     <span class='ocr_line' id='line_1_14' title="bbox 417 2101 1452 2194; baseline 0.006 -24"><span class='ocrx_word' id='word_1_94' title='bbox 417 2101 611 2172; x_wconf 85' lang='lat' dir='ltr'><strong>centissimis</strong></span> <span class='ocrx_word' id='word_1_95' title='bbox 629 2102 803 2176; x_wconf 84' lang='lat' dir='ltr'><strong>laceratam</strong></span> <span class='ocrx_word' id='word_1_96' title='bbox 820 2105 1092 2176; x_wconf 81' lang='lat' dir='ltr'><strong>existimationem</strong></span> <span class='ocrx_word' id='word_1_97' title='bbox 1106 2128 1215 2194; x_wconf 88' lang='lat' dir='ltr'><strong>suam,</strong></span> <span class='ocrx_word' id='word_1_98' title='bbox 1231 2102 1322 2174; x_wconf 78' lang='lat' dir='ltr'><strong>civili</strong></span> <span class='ocrx_word' id='word_1_99' title='bbox 1337 2107 1452 2176; x_wconf 85' lang='lat' dir='ltr'><strong>animo</strong></span> 
     </span>
     <span class='ocr_line' id='line_1_15' title="bbox 418 2221 1401 2326; baseline 0.009 -37"><span class='ocrx_word' id='word_1_100' title='bbox 418 2221 505 2290; x_wconf 91' lang='lat' dir='ltr'><strong>tulit.</strong></span> <span class='ocrx_word' id='word_1_101' title='bbox 721 2309 728 2326; x_wconf 97' lang='lat'><strong>.</strong></span> <span class='ocrx_word' id='word_1_102' title='bbox 1399 2293 1401 2298; x_wconf 90' lang='lat'><strong>.</strong></span> 
     </span>
     <span class='ocr_line' id='line_1_16' title="bbox 467 2345 1454 2442; baseline 0.004 -30"><span class='ocrx_word' id='word_1_103' title='bbox 467 2346 618 2414; x_wconf 85' lang='lat' dir='ltr'><strong>LXXVI.</strong></span> <span class='ocrx_word' id='word_1_104' title='bbox 644 2347 856 2442; x_wconf 76' lang='lat' dir='ltr'><strong>Praegrauant</strong></span> <span class='ocrx_word' id='word_1_105' title='bbox 867 2363 977 2418; x_wconf 89' lang='lat' dir='ltr'><strong>tamen</strong></span> <span class='ocrx_word' id='word_1_106' title='bbox 989 2361 1095 2417; x_wconf 85' lang='lat' dir='ltr'><strong>cetera</strong></span> <span class='ocrx_word' id='word_1_107' title='bbox 1105 2345 1191 2416; x_wconf 84' lang='lat' dir='ltr'><strong>fecta</strong></span> <span class='ocrx_word' id='word_1_108' title='bbox 1201 2345 1354 2440; x_wconf 83' lang='lat' dir='ltr'><strong>dictuque</strong></span> <span class='ocrx_word' id='word_1_109' title='bbox 1364 2347 1454 2440; x_wconf 83' lang='lat' dir='ltr'><strong>ejus,</strong></span> 
     </span>
     <span class='ocr_line' id='line_1_17' title="bbox 417 2465 1453 2561; baseline -0.002 -25"><span class='ocrx_word' id='word_1_110' title='bbox 417 2481 454 2536; x_wconf 90' lang='lat' dir='ltr'><strong>ut</strong></span> <span class='ocrx_word' id='word_1_111' title='bbox 465 2481 499 2534; x_wconf 94' lang='lat' dir='ltr'><strong>et</strong></span> <span class='ocrx_word' id='word_1_112' title='bbox 511 2466 633 2535; x_wconf 81' lang='lat' dir='ltr'><strong>abusus</strong></span> <span class='ocrx_word' id='word_1_113' title='bbox 645 2466 886 2555; x_wconf 86' lang='lat' dir='ltr'><strong>dominatione,</strong></span> <span class='ocrx_word' id='word_1_114' title='bbox 898 2481 931 2536; x_wconf 89' lang='lat' dir='ltr'><strong>et</strong></span> <span class='ocrx_word' id='word_1_115' title='bbox 941 2467 1018 2561; x_wconf 86' lang='lat' dir='ltr'><strong>jure</strong></span> <span class='ocrx_word' id='word_1_116' title='bbox 1030 2489 1132 2536; x_wconf 83' lang='lat' dir='ltr'><strong>caesus</strong></span> <span class='ocrx_word' id='word_1_117' title='bbox 1144 2465 1358 2534; x_wconf 85' lang='lat' dir='ltr'><strong>existimetur.</strong></span> <span class='ocrx_word' id='word_1_118' title='bbox 1370 2467 1453 2534; x_wconf 90' lang='lat' dir='ltr'><strong>Non</strong></span> 
     </span>
     <span class='ocr_line' id='line_1_18' title="bbox 416 2585 1456 2679; baseline -0.003 -24"><span class='ocrx_word' id='word_1_119' title='bbox 416 2589 504 2655; x_wconf 89' lang='lat' dir='ltr'><strong>enim</strong></span> <span class='ocrx_word' id='word_1_120' title='bbox 522 2585 665 2654; x_wconf 87' lang='lat' dir='ltr'><strong>bonores</strong></span> <span class='ocrx_word' id='word_1_121' title='bbox 683 2585 782 2654; x_wconf 92' lang='lat' dir='ltr'><strong>modo</strong></span> <span class='ocrx_word' id='word_1_122' title='bbox 800 2587 920 2654; x_wconf 90' lang='lat' dir='ltr'><strong>nimios</strong></span> <span class='ocrx_word' id='word_1_123' title='bbox 940 2587 1083 2679; x_wconf 89' lang='lat' dir='ltr'><strong>recepit,</strong></span> <span class='ocrx_word' id='word_1_124' title='bbox 1101 2601 1139 2654; x_wconf 91' lang='lat' dir='ltr'><strong>ut</strong></span> <span class='ocrx_word' id='word_1_125' title='bbox 1154 2588 1349 2655; x_wconf 89' lang='lat' dir='ltr'><strong>continuum</strong></span> <span class='ocrx_word' id='word_1_126' title='bbox 1368 2609 1456 2653; x_wconf 88' lang='lat' dir='ltr'><strong>con-</strong></span> 
     </span>
     <span class='ocr_line' id='line_1_19' title="bbox 414 2703 1455 2798; baseline -0.004 -22"><span class='ocrx_word' id='word_1_127' title='bbox 414 2705 580 2789; x_wconf 86' lang='lat' dir='ltr'><strong>sulatum,</strong></span> <span class='ocrx_word' id='word_1_128' title='bbox 603 2718 795 2798; x_wconf 86' lang='lat' dir='ltr'><strong>perpetuam</strong></span> <span class='ocrx_word' id='word_1_129' title='bbox 818 2703 1036 2790; x_wconf 84' lang='lat' dir='ltr'><strong>dictaturam,</strong></span> <span class='ocrx_word' id='word_1_130' title='bbox 1057 2704 1350 2798; x_wconf 77' lang='lat' dir='ltr'><strong>praefecturamque</strong></span> <span class='ocrx_word' id='word_1_131' title='bbox 1369 2729 1455 2778; x_wconf 86' lang='lat' dir='ltr'><strong>¹rno-</strong></span> 
     </span>
     <span class='ocr_line' id='line_1_20' title="bbox 416 2824 1471 2926; baseline -0.004 -32"><span class='ocrx_word' id='word_1_132' title='bbox 416 2849 511 2906; x_wconf 90' lang='lat' dir='ltr'><strong>rum,</strong></span> <span class='ocrx_word' id='word_1_133' title='bbox 531 2825 664 2916; x_wconf 89' lang='lat' dir='ltr'><strong>insuper</strong></span> <span class='ocrx_word' id='word_1_134' title='bbox 683 2848 870 2916; x_wconf 82' lang='lat' dir='ltr'><strong>praenomen</strong></span> <span class='ocrx_word' id='word_1_135' title='bbox 889 2824 1119 2917; x_wconf 86' lang='lat' dir='ltr'><strong>Imperatoris,</strong></span> <span class='ocrx_word' id='word_1_136' title='bbox 1139 2847 1323 2918; x_wconf 89' lang='lat' dir='ltr'><strong>cognomen</strong></span> <span class='ocrx_word' id='word_1_137' title='bbox 1342 2825 1471 2926; x_wconf 82' lang='lat' dir='ltr'><strong>Patris¹</strong></span> 
     </span>
     <span class='ocr_line' id='line_1_21' title="bbox 415 2941 1471 3039; baseline -0.001 -29"><span class='ocrx_word' id='word_1_138' title='bbox 415 2943 548 3036; x_wconf 83' lang='lat' dir='ltr'><strong>patriae,</strong></span> <span class='ocrx_word' id='word_1_139' title='bbox 572 2955 715 3010; x_wconf 86' lang='lat' dir='ltr'><strong>statuam</strong></span> <span class='ocrx_word' id='word_1_140' title='bbox 738 2944 825 3010; x_wconf 89' lang='lat' dir='ltr'><strong>inter</strong></span> <span class='ocrx_word' id='word_1_141' title='bbox 851 2967 962 3036; x_wconf 87' lang='lat' dir='ltr'><strong>reges,</strong></span> <span class='ocrx_word' id='word_1_142' title='bbox 986 2956 1176 3036; x_wconf 84' lang='lat' dir='ltr'><strong>suggestum</strong></span> <span class='ocrx_word' id='word_1_143' title='bbox 1201 2943 1235 3009; x_wconf 92' lang='lat' dir='ltr'><strong>in</strong></span> <span class='ocrx_word' id='word_1_144' title='bbox 1259 2941 1471 3039; x_wconf 77' lang='lat' dir='ltr'><strong>orchestra3¹</strong></span> 
     </span>
     <span class='ocr_line' id='line_1_22' title="bbox 416 3051 1472 3156; baseline 0 -26"><span class='ocrx_word' id='word_1_145' title='bbox 416 3061 472 3130; x_wconf 87' lang='lat' dir='ltr'><strong>sed</strong></span> <span class='ocrx_word' id='word_1_146' title='bbox 489 3075 523 3129; x_wconf 91' lang='lat' dir='ltr'><strong>et</strong></span> <span class='ocrx_word' id='word_1_147' title='bbox 537 3061 699 3154; x_wconf 89' lang='lat' dir='ltr'><strong>ampliora</strong></span> <span class='ocrx_word' id='word_1_148' title='bbox 714 3063 812 3130; x_wconf 85' lang='lat' dir='ltr'><strong>etiam</strong></span> <span class='ocrx_word' id='word_1_149' title='bbox 830 3062 979 3130; x_wconf 78' lang='lat' dir='ltr'><strong>humano</strong></span> <span class='ocrx_word' id='word_1_150' title='bbox 994 3060 1124 3155; x_wconf 83' lang='lat' dir='ltr'><strong>fastigio</strong></span> <span class='ocrx_word' id='word_1_151' title='bbox 1145 3061 1276 3130; x_wconf 91' lang='lat' dir='ltr'><strong>decerni</strong></span> <span class='ocrx_word' id='word_1_152' title='bbox 1294 3061 1356 3128; x_wconf 91' lang='lat' dir='ltr'><strong>sibi</strong></span> <span class='ocrx_word' id='word_1_153' title='bbox 1377 3051 1472 3156; x_wconf 57' lang='lat' dir='ltr'><strong>pas-⁹</strong></span> 
     </span>
     <span class='ocr_line' id='line_1_23' title="bbox 410 3173 1475 3272; baseline 0.001 -25"><span class='ocrx_word' id='word_1_154' title='bbox 410 3203 471 3248; x_wconf 87' lang='lat' dir='ltr'><strong>sus</strong></span> <span class='ocrx_word' id='word_1_155' title='bbox 487 3194 536 3249; x_wconf 88' lang='lat' dir='ltr'><strong>est</strong></span> <span class='ocrx_word' id='word_1_156' title='bbox 557 3207 565 3249; x_wconf 93' lang='lat'><strong>:</strong></span> <span class='ocrx_word' id='word_1_157' title='bbox 585 3181 693 3250; x_wconf 87' lang='lat' dir='ltr'><strong>sedem</strong></span> <span class='ocrx_word' id='word_1_158' title='bbox 713 3205 845 3250; x_wconf 88' lang='lat' dir='ltr'><strong>auream</strong></span> <span class='ocrx_word' id='word_1_159' title='bbox 865 3181 1010 3248; x_wconf 83' lang='lat' dir='ltr'><strong>incuria</strong></span> <span class='ocrx_word' id='word_1_160' title='bbox 1030 3194 1063 3248; x_wconf 88' lang='lat' dir='ltr'><strong>et</strong></span> <span class='ocrx_word' id='word_1_161' title='bbox 1079 3204 1140 3272; x_wconf 92' lang='lat' dir='ltr'><strong>pro</strong></span> <span class='ocrx_word' id='word_1_162' title='bbox 1154 3179 1335 3265; x_wconf 83' lang='lat' dir='ltr'><strong>tribunali,</strong></span> <span class='ocrx_word' id='word_1_163' title='bbox 1355 3173 1475 3270; x_wconf 70' lang='lat' dir='ltr'><strong>then7¹</strong></span> 
     </span>
     <span class='ocr_line' id='line_1_24' title="bbox 416 3299 1476 3396; baseline 0.002 -30"><span class='ocrx_word' id='word_1_164' title='bbox 416 3321 486 3366; x_wconf 85' lang='lat' dir='ltr'><strong>sam</strong></span> <span class='ocrx_word' id='word_1_165' title='bbox 502 3313 537 3368; x_wconf 89' lang='lat' dir='ltr'><strong>et</strong></span> <span class='ocrx_word' id='word_1_166' title='bbox 552 3301 714 3372; x_wconf 76' lang='lat' dir='ltr'><strong>ferculum</strong></span> <span class='ocrx_word' id='word_1_167' title='bbox 731 3304 876 3374; x_wconf 87' lang='lat' dir='ltr'><strong>Circensi</strong></span> <span class='ocrx_word' id='word_1_168' title='bbox 895 3325 1034 3396; x_wconf 90' lang='lat' dir='ltr'><strong>pompa,</strong></span> <span class='ocrx_word' id='word_1_169' title='bbox 1051 3299 1192 3394; x_wconf 88' lang='lat' dir='ltr'><strong>templa,</strong></span> <span class='ocrx_word' id='word_1_170' title='bbox 1209 3325 1299 3388; x_wconf 89' lang='lat' dir='ltr'><strong>aras,</strong></span> <span class='ocrx_word' id='word_1_171' title='bbox 1320 3301 1476 3396; x_wconf 83' lang='lat' dir='ltr'><strong>simula-¹</strong></span> 
     </span>
     <span class='ocr_line' id='line_1_25' title="bbox 416 3401 1476 3518; baseline 0.001 -31"><span class='ocrx_word' id='word_1_172' title='bbox 416 3443 472 3488; x_wconf 81' lang='lat' dir='ltr'><strong>cra</strong></span> <span class='ocrx_word' id='word_1_173' title='bbox 490 3422 588 3514; x_wconf 83' lang='lat' dir='ltr'><strong>juxta</strong></span> <span class='ocrx_word' id='word_1_174' title='bbox 611 3423 711 3508; x_wconf 87' lang='lat' dir='ltr'><strong>deos,</strong></span> <span class='ocrx_word' id='word_1_175' title='bbox 729 3423 903 3518; x_wconf 90' lang='lat' dir='ltr'><strong>pulvinar,</strong></span> <span class='ocrx_word' id='word_1_176' title='bbox 932 3421 1119 3507; x_wconf 88' lang='lat' dir='ltr'><strong>flaminem,</strong></span> <span class='ocrx_word' id='word_1_177' title='bbox 1137 3419 1307 3514; x_wconf 87' lang='lat' dir='ltr'><strong>lupercos,</strong></span> <span class='ocrx_word' id='word_1_178' title='bbox 1336 3419 1446 3513; x_wconf 87' lang='lat' dir='ltr'><strong>appel</strong></span> <span class='ocrx_word' id='word_1_179' title='bbox 1455 3401 1476 3478; x_wconf 91' lang='grc' dir='ltr'><strong>-Ι</strong></span> 
     </span>
     <span class='ocr_line' id='line_1_26' title="bbox 415 3535 1477 3610; baseline 0.004 -5"><span class='ocrx_word' id='word_1_180' title='bbox 415 3535 573 3608; x_wconf 83' lang='lat' dir='ltr'><strong>lationem</strong></span> <span class='ocrx_word' id='word_1_181' title='bbox 593 3544 713 3610; x_wconf 88' lang='lat' dir='ltr'><strong>mensis</strong></span> <span class='ocrx_word' id='word_1_182' title='bbox 733 3568 751 3610; x_wconf 89' lang='lat' dir='ltr'><strong>e</strong></span> <span class='ocrx_word' id='word_1_183' title='bbox 770 3569 831 3610; x_wconf 91' lang='lat' dir='ltr'><strong>suo</strong></span> <span class='ocrx_word' id='word_1_184' title='bbox 853 3538 994 3610; x_wconf 81' lang='lat' dir='ltr'><strong>nornine.</strong></span> <span class='ocrx_word' id='word_1_185' title='bbox 1017 3543 1065 3608; x_wconf 86' lang='lat' dir='ltr'><strong>Ac</strong></span> <span class='ocrx_word' id='word_1_186' title='bbox 1085 3538 1195 3607; x_wconf 89' lang='lat' dir='ltr'><strong>nullos</strong></span> <span class='ocrx_word' id='word_1_187' title='bbox 1218 3563 1286 3608; x_wconf 88' lang='lat' dir='ltr'><strong>non</strong></span> <span class='ocrx_word' id='word_1_188' title='bbox 1305 3538 1477 3608; x_wconf 71' lang='lat' dir='ltr'><strong>honores·</strong></span> 
     </span>
     <span class='ocr_line' id='line_1_27' title="bbox 415 3655 1469 3753; baseline 0.002 -27"><span class='ocrx_word' id='word_1_189' title='bbox 415 3656 457 3726; x_wconf 87' lang='lat' dir='ltr'><strong>ad</strong></span> <span class='ocrx_word' id='word_1_190' title='bbox 474 3655 641 3727; x_wconf 89' lang='lat' dir='ltr'><strong>libidinem</strong></span> <span class='ocrx_word' id='word_1_191' title='bbox 661 3663 762 3753; x_wconf 90' lang='lat' dir='ltr'><strong>cepit,</strong></span> <span class='ocrx_word' id='word_1_192' title='bbox 778 3675 808 3727; x_wconf 89' lang='lat' dir='ltr'><strong>et</strong></span> <span class='ocrx_word' id='word_1_193' title='bbox 826 3658 925 3726; x_wconf 91' lang='lat' dir='ltr'><strong>dedit.</strong></span> <span class='ocrx_word' id='word_1_194' title='bbox 943 3659 1095 3726; x_wconf 90' lang='lat' dir='ltr'><strong>Tertium</strong></span> <span class='ocrx_word' id='word_1_195' title='bbox 1112 3672 1145 3724; x_wconf 91' lang='lat' dir='ltr'><strong>et</strong></span> <span class='ocrx_word' id='word_1_196' title='bbox 1161 3671 1317 3750; x_wconf 87' lang='lat' dir='ltr'><strong>quartum</strong></span> <span class='ocrx_word' id='word_1_197' title='bbox 1333 3682 1469 3728; x_wconf 88' lang='lat' dir='ltr'><strong>consu·</strong></span> 
     </span>
     <span class='ocr_line' id='line_1_28' title="bbox 414 3775 1546 3874; baseline 0.005 -30"><span class='ocrx_word' id='word_1_198' title='bbox 414 3775 520 3844; x_wconf 90' lang='lat' dir='ltr'><strong>latum</strong></span> <span class='ocrx_word' id='word_1_199' title='bbox 536 3777 633 3846; x_wconf 89' lang='lat' dir='ltr'><strong>titulo</strong></span> <span class='ocrx_word' id='word_1_200' title='bbox 648 3793 744 3846; x_wconf 87' lang='lat' dir='ltr'><strong>tenus</strong></span> <span class='ocrx_word' id='word_1_201' title='bbox 759 3780 874 3871; x_wconf 82' lang='lat' dir='ltr'><strong>gessit,</strong></span> <span class='ocrx_word' id='word_1_202' title='bbox 888 3791 1060 3844; x_wconf 89' lang='lat' dir='ltr'><strong>contentus</strong></span> <span class='ocrx_word' id='word_1_203' title='bbox 1078 3776 1251 3844; x_wconf 81' lang='lat' dir='ltr'><strong>dictaturae</strong></span> <span class='ocrx_word' id='word_1_204' title='bbox 1266 3790 1468 3869; x_wconf 85' lang='lat' dir='ltr'><strong>potestate,</strong></span> <span class='ocrx_word' id='word_1_205' title='bbox 1540 3855 1546 3874; x_wconf 48' lang='lat'><strong>,</strong></span> 
     </span>
     <span class='ocr_line' id='line_1_29' title="bbox 414 3895 1468 3989; baseline 0.009 -29"><span class='ocrx_word' id='word_1_206' title='bbox 414 3895 551 3964; x_wconf 81' lang='lat' dir='ltr'><strong>decretae</strong></span> <span class='ocrx_word' id='word_1_207' title='bbox 576 3921 651 3964; x_wconf 93' lang='lat' dir='ltr'><strong>cum</strong></span> <span class='ocrx_word' id='word_1_208' title='bbox 670 3895 894 3965; x_wconf 88' lang='lat' dir='ltr'><strong>consulatibus</strong></span> <span class='ocrx_word' id='word_1_209' title='bbox 916 3895 1013 3962; x_wconf 89' lang='lat' dir='ltr'><strong>simul</strong></span> <span class='ocrx_word' id='word_1_210' title='bbox 1037 3920 1045 3961; x_wconf 92' lang='lat'>:</span> <span class='ocrx_word' id='word_1_211' title='bbox 1070 3907 1169 3988; x_wconf 89' lang='lat' dir='ltr'><strong>atque</strong></span> <span class='ocrx_word' id='word_1_212' title='bbox 1191 3910 1337 3989; x_wconf 89' lang='lat' dir='ltr'><strong>utroque</strong></span> <span class='ocrx_word' id='word_1_213' title='bbox 1362 3923 1468 3969; x_wconf 88' lang='lat' dir='ltr'><strong>anno</strong></span> 
     </span>
     <span class='ocr_line' id='line_1_30' title="bbox 414 4013 1472 4088; baseline 0.008 -8"><span class='ocrx_word' id='word_1_214' title='bbox 414 4015 509 4082; x_wconf 87' lang='lat' dir='ltr'><strong>binos</strong></span> <span class='ocrx_word' id='word_1_215' title='bbox 526 4013 676 4083; x_wconf 90' lang='lat' dir='ltr'><strong>consules</strong></span> <span class='ocrx_word' id='word_1_216' title='bbox 695 4015 865 4082; x_wconf 88' lang='lat' dir='ltr'><strong>substituit</strong></span> <span class='ocrx_word' id='word_1_217' title='bbox 882 4015 944 4081; x_wconf 90' lang='lat' dir='ltr'><strong>sibi</strong></span> <span class='ocrx_word' id='word_1_218' title='bbox 961 4015 995 4081; x_wconf 91' lang='lat' dir='ltr'><strong>in</strong></span> <span class='ocrx_word' id='word_1_219' title='bbox 1015 4029 1128 4083; x_wconf 89' lang='lat' dir='ltr'><strong>ternos</strong></span> <span class='ocrx_word' id='word_1_220' title='bbox 1143 4015 1344 4084; x_wconf 87' lang='lat' dir='ltr'><strong>novissimos</strong></span> <span class='ocrx_word' id='word_1_221' title='bbox 1362 4043 1472 4088; x_wconf 89' lang='lat' dir='ltr'><strong>men-</strong></span> 
     </span>
     <span class='ocr_line' id='line_1_31' title="bbox 414 4133 1473 4229; baseline 0.008 -30"><span class='ocrx_word' id='word_1_222' title='bbox 414 4155 479 4216; x_wconf 89' lang='lat' dir='ltr'><strong>ses;</strong></span> <span class='ocrx_word' id='word_1_223' title='bbox 495 4133 540 4200; x_wconf 87' lang='lat' dir='ltr'><strong>ita</strong></span> <span class='ocrx_word' id='word_1_224' title='bbox 554 4147 591 4200; x_wconf 93' lang='lat' dir='ltr'><strong>ut</strong></span> <span class='ocrx_word' id='word_1_225' title='bbox 605 4133 714 4200; x_wconf 92' lang='lat' dir='ltr'><strong>medio</strong></span> <span class='ocrx_word' id='word_1_226' title='bbox 728 4147 875 4224; x_wconf 91' lang='lat' dir='ltr'><strong>tempore</strong></span> <span class='ocrx_word' id='word_1_227' title='bbox 890 4135 1023 4200; x_wconf 91' lang='lat' dir='ltr'><strong>comitia</strong></span> <span class='ocrx_word' id='word_1_228' title='bbox 1039 4133 1128 4202; x_wconf 86' lang='lat' dir='ltr'><strong>nulla</strong></span> <span class='ocrx_word' id='word_1_229' title='bbox 1147 4134 1317 4222; x_wconf 86' lang='lat' dir='ltr'><strong>habuerit,</strong></span> <span class='ocrx_word' id='word_1_230' title='bbox 1330 4153 1473 4229; x_wconf 79' lang='lat' dir='ltr'><strong>praeter</strong></span> 
     </span>
    </p>
   </div>
   <div class='ocr_carea' id='block_1_3' title="bbox 0 0 1574 5438">
    <p class='ocr_par' dir='ltr' id='par_1_3' title="bbox 0 0 1574 5438">
     <span class='ocr_line' id='line_1_32' title="bbox 0 0 1574 5438; baseline 0 4"><span class='ocrx_word' id='word_1_231' title='bbox 0 0 1574 5438; x_wconf 95' lang='lat' dir='ltr'><strong> </strong></span> 
     </span>
    </p>
   </div>
  </div>
 </body>
</html>
