3108 5434
381 491 433 547 ηδ
570 561 572 568 s
784 489 814 544 C.
837 487 1012 545 SUE'llONll

379 639 494 710 quem,
516 611 693 708 cujuslibet
716 611 857 698 ordinis,
882 611 1052 682 custodem
1079 611 1172 681 sactis
1195 625 1294 706 atque
1316 613 1419 685 dictis

380 763 459 810 suis.

426 857 520 923 XIII.
540 851 626 945 Equi
646 873 778 944 quoque
797 863 829 919 et
848 873 1017 920 armorum
1034 848 1146 920 solitas
1163 853 1416 924 exercitationes

379 974 488 1042 omisit
510 997 519 1042 τ
549 969 741 1065 redegitque
761 994 812 1055 se,
835 968 986 1064 deposito
1003 971 1112 1065 patrio
1130 969 1265 1059 babitu,
1282 971 1323 1040 ad
1343 972 1412 1066 pal·

378 1092 460 1164 lium
481 1104 514 1162 et
532 1091 682 1187 crepidas
701 1116 710 1160 z
730 1105 830 1185 atquc
848 1091 883 1158 in
903 1089 961 1159 tali
982 1103 1070 1162 statu
1094 1091 1228 1161 biennio
1247 1089 1315 1162 sere
1335 1115 1411 1186 per·

378 1213 518 1300 mansit,
537 1211 735 1282 contemtior
753 1211 788 1279 in
808 1208 893 1298 dies,
915 1224 949 1279 et
970 1210 1132 1280 invisior:
1155 1209 1256 1299 adeo,
1274 1225 1312 1280 ut
1330 1213 1415 1281 imn-

380 1334 472 1429 gines
489 1332 560 1426 ejus
575 1345 608 1400 et
621 1345 745 1402 metues
759 1330 997 1400 Nemausenses
1013 1330 1250 1415 subverterint3
1265 1355 1305 1400 ac
1322 1331 1416 1400 fami-

379 1451 452 1521 liari
465 1450 609 1545 quodam
621 1449 775 1520 convivio
792 1449 959 1518 mentione
971 1449 1042 1542 ejus
1059 1463 1148 1536 orta,
1163 1451 1337 1540 exstiterit,
1354 1455 1415 1544 qui

379 1572 461 1642 Caio
479 1567 707 1664 polliceretur,
728 1567 937 1639 «Confestim
957 1591 1011 1656 se,
1035 1569 1063 1638 si
1082 1568 1234 1661 juberet,
1255 1569 1414 1640 Rhodum

379 1691 630 1784 navigaturum,
650 1702 815 1782 caputque
832 1683 954 1756 exsulis
974 1685 1039 1778 (sic
1059 1689 1148 1756 enim
1166 1687 1414 1784 appellabatur)

379 1807 601 1880 relaturum.»
621 1808 700 1896 Quo
719 1808 905 1903 precipue,
925 1831 993 1877 non
1008 1808 1078 1901 jam
1097 1822 1204 1896 metu,
1221 1807 1279 1878 sed
1295 1808 1414 1878 discri-

380 1930 486 2015 mine,
501 1941 634 1996 conctus
646 1941 719 2013 est,
739 1941 805 1996 tam
823 1926 906 2015 suis,
923 1950 1023 2020 quem
1038 1927 1152 1996 matris
1166 1927 1415 2022 inpensissimis

380 2047 534 2144 precibus
557 2044 700 2115 reditum
725 2042 962 2140 expostulare:
984 2047 1255 2141 impetravitque,
1278 2045 1414 2141 adjutus

380 2165 586 2260 aliquantum
604 2165 703 2234 etiam
721 2189 809 2234 casu.
825 2166 1038 2234 Destinatum
1054 2169 1203 2260 Augusto
1221 2180 1309 2253 erat,
1326 2166 1414 2236 nibil

381 2310 481 2379 super
502 2309 542 2354 en
562 2309 613 2373 re,
633 2285 696 2353 nisi
713 2309 753 2353 ex
770 2281 941 2354 voluntate
958 2284 1092 2378 majoris
1110 2283 1189 2373 filii,
1209 2299 1359 2355 statuere.
1378 2290 1415 2356 Is

381 2403 467 2474 forte
486 2418 566 2474 tunc
584 2405 632 2474 M.
656 2401 765 2473 Lollio
788 2402 961 2491 offensior,
984 2403 1088 2472 facilis
1113 2403 1353 2498 exorabilisque
1378 2407 1416 2474 in

381 2523 629 2604 vitricum-fuit.
648 2524 863 2593 Permittente
880 2547 960 2619 ergo
976 2524 1073 2612 Caio,
1093 2537 1264 2595 revocatus
1280 2538 1344 2611 est3
1362 2549 1418 2594 ve·

380 2666 457 2716 rum
476 2645 538 2716 sub
556 2643 764 2731 conditione,
783 2668 826 2716 ne
850 2667 950 2738 quam
979 2657 1106 2737 partem
1130 2667 1285 2714 curamve
1303 2647 1417 2739 reipu-

382 2763 476 2836 blice
490 2766 675 2860 attingeret.

427 2887 517 2954 XIV.
542 2883 653 2954 Rediit
676 2898 795 2954 octavo
818 2895 894 2976 post
912 2906 1075 2953 secessum
1092 2907 1198 2973 anno,
1218 2909 1338 2980 magna
1353 2909 1417 2956 nec

381 3004 507 3075 incerte
525 3027 583 3097 spe
599 3002 789 3072 futurorum
798 3054 810 3087 ,
828 3027 928 3097 quam
946 3017 980 3072 et
994 3005 1131 3075 ostentis
1147 3018 1180 3072 et
1198 3005 1419 3099 praedictioni·

381 3123 444 3192 bus
466 3123 512 3191 ab
534 3121 629 3192 initio
649 3125 754 3192 etatis
774 3139 982 3219 conceperat
1001 3127 1176 3219 Praegnans
1196 3127 1284 3193 enim
1301 3126 1417 3214 Livia,

381 3263 499 3336 quum,
511 3266 555 3310 an
569 3265 693 3312 marem
704 3242 834 3312 editura
845 3257 948 3330 esset,
962 3243 1060 3312 variis
1072 3257 1219 3338 captaret
1231 3243 1417 3331 ominibus,

382 3385 483 3431 ovum
499 3361 671 3431 incubanti
689 3361 818 3458 gnllinae
832 3362 1032 3432 subductum
1047 3387 1137 3432 nunc
1154 3387 1231 3451 sua,
1252 3387 1341 3434 nunc
1357 3367 1420 3434 mi·

382 3481 561 3552 nistrerum
582 3505 683 3550 manu
703 3506 762 3576 per
781 3483 868 3552 vices
884 3506 989 3575 usque
1005 3506 1044 3552 eo
1061 3481 1159 3570 fovit,
1177 3481 1287 3576 quoad
1304 3481 1420 3577 pullus

382 3601 555 3695 insigniter
574 3602 728 3670 cristatus
750 3599 902 3670 exclusus
924 3615 984 3669 est.
1005 3604 1054 3670 Ac
1074 3599 1116 3669 de
1138 3600 1264 3670 infante
1280 3602 1419 3672 Scribo-

382 3721 458 3790 nius
475 3719 725 3790 methematicus
747 3717 902 3814 praeclnra
922 3718 1102 3814 spopondit
1121 3745 1130 3788 ε
1151 3749 1168 3784 α
1181 3721 1281 3789 etiam
1296 3745 1420 3814 regna·

382 3852 496 3908 turum
512 3837 731 3932 quandoque,
752 3837 808 3908 sed
829 3840 900 3907 sinc
924 3840 1016 3932 regio
1036 3839 1204 3932 insigni3»
1225 3841 1336 3933 ignoto
1355 3845 1422 3912 sci-

382 3955 551 4030 licettunc
564 3956 672 4028 adhuc
685 3960 852 4028 Caesurum
868 3970 1038 4050 potestate.
1055 3961 1099 4027 Et
1115 3959 1260 4051 ingresso
1274 3960 1421 4052 primum

382 4076 642 4171 expeditionem,
668 4102 707 4146 ac
729 4101 788 4170 per
813 4076 1042 4146 Macedoniam
1068 4075 1208 4145 ducente
1234 4079 1422 4148 exercitum
