3114 5446
457 505 510 558 182
861 499 891 552 C.
911 496 1087 554 suman

454 645 591 694 suorum
617 621 800 710 delatores,
822 622 973 690 invectus
992 635 1063 707 est;
1088 617 1226 714 prolatis
1248 618 1382 710 libellis,
1398 649 1468 718 quos

454 757 616 812 crematos
632 739 863 828 simulaverat,
880 738 1080 832 defensaque
1093 738 1218 807 Tiberii
1234 739 1374 828 stevitia,
1390 746 1469 834 qrusi

456 863 659 948 necessaria,
686 886 791 956 quum
815 873 866 929 tot
888 857 1140 929 criminantibus
1167 857 1370 928 credendum
1391 877 1470 931 esset

454 987 649 1076 Equestrem
666 980 835 1068 ordinem,
850 993 890 1048 ut
906 1003 1011 1048 soenae
1027 1001 1201 1072 arenaeque
1216 975 1387 1067 devotum,
1402 981 1469 1049 assi·

454 1102 520 1170 due
538 1098 707 1195 proscidit.
721 1099 875 1169 lulensus
892 1098 1014 1187 turbae,
1028 1098 1152 1168 faventi
1165 1096 1322 1168 aduersus
1340 1099 1472 1169 studium

454 1244 574 1309 suum,
602 1218 822 1292 exclamavit:
845 1246 863 1283 a
879 1219 1019 1288 Utinam
1043 1213 1188 1312 populus
1207 1241 1364 1286 romanus
1384 1243 1474 1288 unam

454 1339 615 1408 cervicem
636 1333 791 1408 baberet!
806 1366 824 1402 a
844 1339 1025 1430 Quumque
1041 1336 1208 1406 Tetrinius
1233 1333 1320 1406 latro
1340 1335 1473 1429 postula-

386 1523 391 1532 .
454 1471 559 1544 retur,
579 1471 644 1528 aet
661 1459 719 1550 qni
739 1454 964 1550 postularent,
981 1454 1146 1526 Tetrinios
1163 1479 1281 1542 esse,s
1300 1456 1357 1524 ait.
1375 1455 1476 1526 Retia·

454 1575 496 1644 rii
517 1577 655 1644 tunicati
673 1576 823 1668 quinque
842 1599 982 1644 numero
1000 1575 1161 1669 gregatim
1181 1571 1394 1662 dimicantes,
1412 1576 1474 1644 sine

457 1695 637 1762 certamine
653 1691 723 1762 ullo
738 1693 876 1762 totidem
889 1693 1096 1762 secutoribus
1107 1692 1349 1762 succubuerant
1360 1718 1368 1760 :
1380 1717 1475 1785 quum

453 1811 561 1881 occidi
581 1813 794 1905 juberentur,
817 1836 925 1900 uuus,
946 1826 1093 1880 resumta
1111 1809 1258 1896 bascina,
1280 1835 1396 1880 omues
1417 1812 1480 1880 ric-

455 1946 544 2000 tores
564 1932 742 2000 interemit.
764 1934 860 2000 Hanc
886 1945 924 2000 ut
947 1929 1208 2000 crudelissimam
1229 1928 1351 1998 caedem
1375 1945 1408 2000 et
1430 1929 1481 1997 de·

456 2049 547 2118 llevit
565 2048 697 2135 edicto,
718 2063 750 2120 et
769 2071 849 2135 eos,
872 2050 930 2143 qui
951 2063 1100 2142 spectare
1120 2049 1379 2138 sustinuissent,
1397 2073 1482 2118 exse·

456 2182 568 2238 cratus
585 2182 644 2236 est.

505 2289 630 2356 XXXI.
653 2286 757 2373 Queri
776 2287 875 2356 etiam
898 2285 1007 2378 palam
1028 2284 1070 2354 de
1092 2285 1283 2356 conditione
1303 2301 1486 2381 temporum

459 2428 596 2474 snorum
614 2401 756 2490 solebat,
773 2403 864 2498 quod
880 2402 981 2473 nullis
996 2402 1238 2474 calamitatibus
1255 2403 1401 2498 publicis
1417 2405 1490 2474 insi·

458 2523 653 2616 gnirentur:
669 2523 810 2616 Augusti
826 2522 1049 2617 principatum
1065 2521 1158 2592 clade
1170 2525 1336 2609 Variana;
1353 2523 1489 2608 Tiberii,

457 2641 555 2708 ruina
576 2637 841 2734 spectaculorum
864 2639 952 2733 apud
974 2639 1127 2728 Fidenas,
1149 2641 1402 2714 memorabilem
1424 2642 1486 2710 snc-

458 2771 526 2828 tum
542 2784 550 2826 :
569 2783 630 2828 suo
649 2757 849 2828 oblivionem
864 2759 1036 2828 imminere
1049 2761 1270 2854 prosperitate
1291 2786 1422 2832 rerum.
1436 2765 1491 2830 lt-

457 2899 521 2968 que
537 2877 714 2946 identidem
730 2879 932 2948 exercituum
948 2878 1066 2966 caedes,
1085 2878 1229 2966 samem,
1250 2881 1492 2974 pestilentiam,

456 2995 624 3082 incendia,
645 2997 771 3064 hiatum
792 2995 937 3090 aliquem
956 3011 1050 3066 torrae
1070 2999 1226 3090 optabat.»

504 3115 645 3182 XXXII.
657 3116 816 3184 Animum
830 3140 961 3208 quoque
974 3118 1169 3204 remittenti,
1180 3115 1328 3210 ludoque
1341 3133 1379 3190 et
1391 3117 1497 3212 epulis

456 3229 590 3316 dedito,
617 3232 730 3301 eadem
757 3232 923 3304 dictorum
951 3235 1181 3330 laetorumque
1210 3237 1338 3306 saevitia
1367 3237 1495 3308 aderat.

457 3351 551 3442 Saepe
587 3351 621 3418 in
649 3369 828 3446 conspectu
855 3354 1049 3446 prandentis
1080 3353 1132 3424 vel
1163 3357 1381 3426 comissantis
1410 3359 1502 3428 seria

455 3470 653 3562 questiones
673 3496 733 3566 per
754 3487 917 3542 tormenta
942 3474 1160 3546 habebantur.
1182 3475 1279 3546 Miles
1300 3475 1500 3548 decollandi

454 3587 572 3658 artifex
593 3591 882 3685 quibuscunquee
901 3592 1051 3662 custodia
1073 3596 1183 3689 capita
1199 3597 1417 3690 amputabat.
1439 3602 1503 3667 I’u·

454 3704 566 3796 teolis,
585 3708 792 3780 dedicatione
810 3715 1058 3806 pontis,.quem
1076 3716 1297 3809 excogitatum
1322 3717 1374 3786 ab
1396 3741 1442 3788 eo
1464 3717 1507 3786 si·

455 3823 705 3917 gnificavimus,
728 3855 832 3922 quum
858 3830 980 3902 multos
1006 3858 1025 3902 e
1049 3833 1147 3904 litore
1171 3835 1348 3906 invitasset
1376 3837 1425 3906 ad
1453 3863 1507 3919 se,

455 3960 587 4035 repente
609 3971 723 4016 omnes
744 3951 971 4044 precipitavit.
990 3953 1160 4041 Quosdam
1180 3954 1422 4050 gubernacula
1447 3985 1508 4052 ap·

455 4063 715 4151 prehendentcs,
734 4072 840 4138 contis
859 4073 1022 4164 remisque
1040 4074 1178 4144 detrusit
1193 4075 1226 4143 in
1248 4101 1356 4146 mare.
1381 4083 1508 4150 Romte
