3108 5434
395 474 579 529 ocmvrus
600 471 805 543 aucusrus.
1075 469 1111 526 as

81 595 238 689 quondam
261 595 505 689 sponsaliorum
526 597 578 664 die
599 611 745 666 vexatus.
768 593 903 668 Gallum
923 597 1112 663 Terrinium

80 729 277 804 senatorem,
299 717 410 784 miuus
431 717 490 784 sibi
517 713 727 804 familiarem,
746 715 802 784 sed
825 729 959 810 captum
978 730 1113 808 repente

80 831 192 918 oculis,
208 849 244 902 et
263 835 310 903 ob
330 835 363 904 id
382 835 490 904 inedia
510 836 594 904 mori
614 834 853 920 destinantem,
876 859 1017 929 praesens
1035 857 1113 903 con·

82 950 210 1022 solando
229 955 401 1023 revocavit
419 954 590 1023 advitam.

120 1076 210 1142 LIV.
240 1077 281 1143 ln
306 1087 422 1143 senatu
441 1075 541 1143 verba
563 1071 694 1142 facienti
715 1072 839 1142 dictum
857 1091 924 1162 est,
942 1077 1043 1146 «Non
1063 1078 1114 1144 in-

83 1193 184 1260 tellexi
204 1219 242 1261 :s
269 1209 302 1262 et
330 1195 372 1262 ab
399 1192 484 1282 alio,
513 1193 809 1262 «Contradicerem
840 1195 921 1281 tibi,
950 1195 976 1262 si
1003 1193 1114 1263 locum

82 1312 275 1382 haberem.»
289 1313 462 1382 Interdum
477 1311 521 1381 ob
536 1311 728 1382 immodicas
744 1312 972 1388 altercationes
987 1313 1115 1406 discep-

82 1433 223 1500 tantium
246 1459 265 1501 e
285 1434 377 1500 curia
395 1457 454 1526 per
475 1434 557 1502 iram
579 1455 614 1501 se
634 1433 827 1526 proripienti
849 1433 982 1526 quidam
1009 1435 1115 1527 inges-

82 1566 213 1638 serunt,
236 1554 377 1620 «Licere
402 1553 781 1646 oportere-senatoribus
806 1553 846 1620 de
870 1552 1038 1646 republica
1068 1552 1116 1620 lo·

83 1671 147 1762 qui.
160 1701 177 1734 s
194 1673 357 1740 Antistius
378 1672 488 1741 labeo
511 1687 643 1740 senatus
664 1671 818 1761 lectione,
840 1697 943 1764 quum
967 1673 1117 1744 triumvi-

83 1816 156 1858 rum
182 1789 306 1884 legeret
330 1793 378 1860 Μ.
400 1789 583 1885 Lepidum,
603 1791 730 1862 hostem
759 1789 838 1860 olim
865 1793 956 1885 ejus,
980 1807 1013 1860 et
1038 1807 1117 1860 tunc
1160 1781 1165 1791 ⁸

83 1909 302 1996 exsulantem,
317 1907 447 2006 [legit3]
466 1913 686 2005 interrogatus
701 1907 802 2008 [que]
820 1911 861 1980 ab
880 1936 933 1999 eo,
952 1937 992 1980 an
1011 1927 1119 1980 essent

83 2027 131 2096 alii
143 2028 462 2124 digniores,«Snum
473 2055 636 2124 quemque
644 2031 806 2124 judicium
817 2031 1119 2126 habere,»respon·

85 2147 138 2217 dit.
153 2150 228 2218 Nec
238 2149 311 2216 ideo
325 2149 456 2218 libertas
467 2166 525 2218 aut
539 2153 745 2220 contumacia
760 2151 867 2220 fraudi
882 2155 1033 2246 cuiquam
1046 2153 1118 2221 luit.

127 2271 204 2338 LV.
235 2269 341 2338 Etiam
367 2293 496 2363 sparsos
522 2271 623 2340 dese
650 2273 797 2340 incuria
826 2273 966 2342 famosos
992 2271 1119 2339 libellos

82 2415 141 2458 nec
163 2389 311 2482 expavit,
329 2413 389 2456 nec
405 2413 524 2482 magna
540 2415 619 2458 cura
639 2390 807 2484 redarguit
825 2419 833 2459 :
851 2418 904 2479 ac,
925 2418 966 2460 ne
984 2389 1121 2484 requisi·

84 2509 121 2576 tis
141 2508 281 2600 quidem
299 2509 505 2592 auctoribus,
523 2508 555 2575 id
574 2507 673 2577 modo
693 2511 835 2598 censuit,
853 2511 1119 2605 cognoscendum

84 2629 224 2718 posthac
249 2627 288 2695 de
316 2627 370 2715 iis,
396 2629 452 2720 qui
476 2627 601 2696 libellos
625 2645 682 2696 aut
712 2630 858 2696 carmina
882 2629 923 2696 ad
954 2629 1120 2696 infamiam

83 2749 269 2840 cujuspiam
292 2747 351 2814 snb
371 2747 478 2815 alieno
498 2749 632 2816 nomine
653 2746 762 2815 edant.
781 2749 867 2815 Joois
886 2772 1018 2841 quoque
1037 2771 1120 2839 quo-

83 2866 238 2935 rumdam
262 2866 433 2934 invidiosis
455 2881 511 2935 aut
533 2866 756 2961 petulantibus
778 2867 967 2955 lacessitnS,
990 2883 1121 2936 contra·

83 2987 168 3055 dixit
191 2986 310 3055 edicto.
332 2991 373 3056 Et
394 3001 503 3054 tamen
524 2987 565 3055 de
585 2987 764 3056 inhibenda
787 3001 1060 3056 testamentorum
1084 2985 1124 3056 li·

85 3109 194 3175 centia
211 3131 254 3174 ne
273 3109 449 3199 quicquam
469 3109 744 3192 constitueretur,
760 3108 954 3176 intercessit.

130 3230 222 3295 LVI.
250 3229 392 3316 Quoties
412 3228 667 3321 magistratuum
691 3228 833 3294 comitiis
856 3229 1043 3311 interesset,
1067 3230 1125 3294 tri-

82 3347 146 3414 bus
179 3371 258 3414 cum
292 3345 476 3413 candidatis
506 3347 573 3414 suis
604 3347 821 3431 circumibat,
853 3346 1124 3438 supplicabatque

84 3491 180 3534 more
199 3465 350 3532 solemni.
372 3465 507 3533 Ferebat
536 3479 570 3532 et
592 3467 662 3558 ipse
682 3465 876 3557 suffragium
897 3466 931 3531 in
953 3463 1123 3546 tribubus,

83 3602 119 3653 ut
140 3611 231 3654 unus
248 3611 266 3654 e
286 3584 419 3678 populo.
438 3580 569 3652 Testem
591 3609 624 3654 se
648 3586 683 3652 in
699 3585 832 3676 judiciis
853 3598 886 3652 et
907 3583 1125 3675 interrogari,

82 3721 117 3771 et
132 3703 256 3790 refelli,
270 3705 458 3796 aequissimo
474 3705 586 3774 animo
602 3704 798 3797 patiebatur.
818 3709 940 3772 Forum
953 3702 1125 3795 angustius

80 3825 186 3908 fecit,
203 3849 271 3891 non
288 3847 387 3891 ausus
404 3839 601 3916 extorquere
620 3823 860 3916 possessoribus
880 3822 1046 3917 proximas
1068 3820 1126 3888 do·

81 3970 173 4014 mos.
194 3947 374 4034 Nunquam
392 3943 476 4011 lilios
492 3969 568 4011 suos
586 3942 710 4036 populo
730 3941 986 4028 commendavit,
1003 3956 1125 4007 utnon

82 4064 269 4156 adjiceret,
283 4091 299 4124 u
309 4062 342 4129 Si
358 4061 585 4130 merebuntur.
598 4092 613 4125 s
626 4061 771 4148 Eisdem,
787 4060 985 4154 praetextatis
1000 4056 1125 4144 adhue,
