3108 5434
400 547 583 605 OCTAVIUS
598 549 802 608 AUGUSTUS.
1069 569 1107 626 99

128 671 316 740 LXXVIII.
343 673 421 738 Post
443 672 552 740 cibum
578 671 816 759 meridianum,
841 673 888 740 ita
910 683 948 739 ut
973 671 1109 738 vestitus

93 788 307 882 calciamsque
328 804 419 873 erat,
443 791 573 858 retectis
595 789 732 886 pedibus
753 787 921 888 paulisper
939 789 1110 882 conquies-

93 907 190 995 oebnt,
209 909 365 1001 opposita
384 907 426 974 ad
443 906 556 976 oculos
572 933 683 977 manu.
700 912 727 978 A
744 933 836 976 coena
851 905 1110 976 lucubratoriam

94 1050 120 1094 se
140 1028 174 1093 in
198 1023 389 1094 lecticulam
414 1025 601 1118 recipiebat.
625 1027 694 1113 Ibi,
719 1025 824 1095 donec
846 1025 974 1094 residua
999 1023 1111 1093 diurni

93 1159 190 1232 actua,
211 1158 271 1212 aut
289 1145 419 1232 omnia,
439 1159 496 1212 aut
516 1169 556 1213 ex
572 1147 714 1214 maxima
731 1159 840 1238 parte,
860 1141 1050 1231 conficeret,
1069 1143 1110 1212 ad

94 1262 223 1332 inultam
245 1276 378 1331 noctem
398 1263 619 1355 permanebat.
638 1267 677 1331 In
695 1261 816 1332 lectum
836 1263 911 1330 inde
927 1275 1112 1356 transgres-

94 1405 158 1467 sus,
179 1403 252 1449 nou
271 1377 432 1472 amplius,
450 1403 553 1472 quum
572 1379 771 1473 plurimum,
790 1401 890 1473 quam
909 1393 1033 1473 septem
1051 1379 1112 1448 ho·

93 1523 152 1586 ras,
173 1498 380 1586 dormiebat,
399 1521 438 1566 ac
454 1521 496 1566 ne
512 1521 566 1567 eas
583 1497 716 1592 quidem
737 1501 926 1586 continuas,
944 1496 1000 1566 sed
1017 1511 1055 1566 ut
1074 1498 1108 1568 in

94 1617 141 1687 illo
161 1619 326 1711 temporis
348 1619 454 1711 spatio
475 1633 526 1686 ter
547 1633 605 1686 aut
627 1613 744 1710 quater
763 1617 1052 1716 expergisceretur.
1076 1617 1111 1685 si

93 1736 311 1830 interruptum
324 1759 475 1804 somnum
488 1759 698 1830 recuperare,
714 1747 751 1803 ut
767 1735 890 1820 evenit,
905 1757 973 1801 non
986 1748 1113 1826 posset,

93 1853 266 1924 lectoribus
288 1870 346 1924 aut
367 1853 603 1924 fabulatoribus
626 1854 787 1922 arcessitis
808 1854 1013 1940 resumebat,
1034 1877 1114 1948 pro·

93 1971 294 2067 ducebatque
313 1971 401 2042 ultra
421 1975 560 2068 primam
581 1997 664 2067 saepe
686 1973 801 2042 luoern.
822 1975 895 2044 Nec
915 1976 949 2041 in
972 1973 1114 2041 tenebris

91 2091 235 2186 vigilavit
251 2117 414 2185 unquam,
429 2093 492 2160 nisi
506 2089 667 2162 assidente
683 2091 803 2188 aliquo.
821 2093 986 2161 Matutina
1001 2087 1114 2186 vigilia

92 2211 318 2279 offendebatur
337 2235 346 2278 ε
367 2235 405 2278 ac
422 2212 449 2278 si
466 2209 517 2278 vel
533 2209 649 2298 officii,
666 2210 718 2279 vel
737 2212 820 2279 sacri
838 2235 934 2280 causa
953 2211 1114 2280 maturius

91 2328 311 2424 evigilandum
330 2343 429 2416 esset,
444 2353 487 2396 ne
506 2328 540 2396 id
557 2341 672 2398 contra
692 2329 901 2397 commodum
921 2329 1061 2418 laceret,
1079 2329 1114 2396 in
1199 2399 1203 2412 ,

89 2451 239 2539 proximo
255 2449 482 2541 cujuscunque
498 2445 753 2516 domesticorum
770 2445 937 2516 coenaculo
953 2449 1113 2516 manebat.

90 2567 138 2634 Sic
155 2591 293 2660 quoque
312 2589 396 2660 saepe
413 2565 563 2660 indigens
581 2567 701 2654 somni,
722 2578 755 2633 et
775 2566 853 2633 dum
875 2591 932 2658 per
949 2567 1040 2636 'vicos
1059 2563 1115 2634 de·

88 2699 293 2775 portaretur,
310 2699 345 2752 et
361 2683 509 2776 deposita
524 2684 653 2773 lectica,
670 2686 756 2752 iuter
771 2681 896 2776 aliquas
913 2705 1022 2752 moras
1035 2707 1114 2752 oon·

87 2800 283 2873 donniebat.
800 2794 808 2814 ⁰

129 2919 288 2992 LXXIX.
314 2926 434 2990 Forma
449 2921 511 2991 fuit
525 2924 657 3006 eximia,
671 2935 704 2989 et
720 2945 780 3015 per
794 2945 907 2990 omnes
923 2921 1027 2990 aetatis
1041 2944 1115 3015 gra·

83 3040 144 3112 dus
164 3043 417 3128 venustissima3
438 3063 635 3134 quamquam
656 3053 690 3108 et
710 3042 816 3111 omnis
838 3039 992 3109 lenocinii
1012 3037 1116 3134 negli-

83 3184 182 3254 gens,
203 3175 238 3229 et
258 3163 294 3228 in
317 3162 425 3253 capite
444 3159 605 3229 comendo
626 3173 692 3230 tam
714 3157 916 3248 incuriosus,
936 3174 974 3227 ut
995 3161 1115 3252 raptim

81 3279 315 3374 compluribus
339 3276 435 3347 simul
458 3279 644 3347 tonsoribus
666 3301 800 3371 operam
824 3278 933 3364 daret,
956 3301 995 3345 ac
1016 3277 1116 3346 modo

80 3397 255 3486 tonderet,
271 3397 373 3466 modo
386 3396 676 3483 raderetbarbam,
691 3421 795 3490 eoque
811 3399 883 3491 ipso
898 3409 1044 3490 ternpore
1057 3409 1114 3464 aut

79 3512 211 3608 legeret
232 3514 376 3608 aliquid,
397 3514 571 3584 autetiam
593 3517 760 3584 scriberet.
778 3513 884 3584 Vultu
904 3529 989 3602 erat,
1009 3513 1060 3582 vel
1082 3516 1116 3582 in

74 3658 256 3721 sermone,
272 3632 324 3702 vel
340 3635 475 3720 tacitus,
490 3633 572 3702 adeo
587 3632 765 3726 tranquillo
781 3659 976 3728 serenoque,
992 3649 1031 3702 ut
1047 3633 1117 3726 qui-

1 3743 2 3748 *
74 3750 154 3820 dam
173 3777 197 3820 e
213 3751 416 3846 primoribus
431 3751 615 3820 Galliarum
629 3751 797 3821 confessus
811 3754 852 3821 sit
869 3753 957 3822 inter
972 3777 1063 3839 suos,
1078 3777 1117 3819 eo

1 3891 2 3894 ’
71 3895 108 3938 se
125 3871 321 3938 inhibitum
338 3893 376 3938 ao
393 3867 612 3952 remollitum‚
630 3895 697 3963 quo
717 3872 844 3954 minus,
861 3885 899 3939 ut
918 3873 1131 3968 destinarat,

1 4011 2 4058 ὲ
68 3990 103 4058 in
128 3989 289 4059 uansitu
311 3987 443 4082 Alpium
464 4006 523 4082 pet
541 3987 781 4058 simulationem
806 3989 961 4082 colloquii
983 3987 1117 4084 propius

0 4148 1 4175 r
69 4108 269 4193 admissus,
283 4108 316 4174 in
323 4109 548 4200 precipitium
562 4105 770 4202 propelleret.
787 4107 910 4177 Oculos
924 4108 1040 4175 babuit
1054 4106 1118 4176 cla-

942 4251 970 4317 7.
