3114 5446
434 459 490 520 ato
836 453 864 507 C.
885 452 1057 508 SUETONII

433 577 608 646 noxiorum
637 574 779 669 quidem.
808 575 967 644 Exhibuit
990 579 1099 644 autem
1125 573 1166 644 ad
1200 574 1323 644 serrum
1357 575 1451 642 etiam

433 694 691 788 quadringentos
710 706 890 779 senatores,
900 708 1132 786 sexcentosque
1147 694 1270 785 equites
1287 717 1453 780 romanos,

431 828 465 882 et
491 811 649 906 quosdam
674 811 813 880 fortune
837 826 935 904 atque
959 799 1209 880 existimationis
1236 813 1371 904 integrm
1390 837 1399 878 ε
1419 837 1453 880 ex

434 930 548 999 iisdem
565 921 734 1000 ordinibus
758 930 961 1000 coniectores
979 953 1112 1024 quoque
1132 931 1294 1017 ferarum,
1314 947 1349 998 et
1367 933 1452 998 varia

433 1073 538 1116 arenae
554 1048 743 1119 ministeria.
756 1048 914 1118 Exhibuit
926 1064 960 1120 et
974 1049 1202 1118 naumachiam
1214 1049 1339 1116 marina
1354 1073 1452 1142 aqua,

431 1166 621 1235 innantibus
639 1164 781 1236 belluis:
800 1168 879 1236 item
893 1167 1084 1260 pyrrhichas
1100 1165 1259 1259 quasdam
1278 1192 1296 1234 e
1316 1155 1452 1236 numero

430 1285 649 1378 epheborum,
668 1285 788 1378 quibus
805 1300 880 1379 post
897 1286 1017 1354 editam
1037 1309 1171 1380 operam
1184 1284 1362 1379 diplomata
1379 1287 1453 1354 civi-

429 1406 506 1472 tatis
523 1428 665 1472 romanae
687 1403 822 1498 singulis
841 1403 970 1473 obtulit.
985 1410 1075 1474 Inter
1089 1405 1342 1498 pyrrhicharum
1360 1429 1452 1500 argu·
1501 1487 1504 1494 Ι

430 1537 559 1610 menta,
574 1538 687 1592 taurus
705 1523 906 1617 Pasiphaen,
925 1522 1035 1617 ligneo
1050 1524 1199 1616 juvencae
1213 1522 1387 1592 simulacro
1400 1523 1453 1590 ab·

430 1639 554 1728 ditam,
573 1642 666 1728 iniit,
688 1656 726 1710 ut
746 1641 842 1710 multi
866 1643 1083 1734 spectantium
1103 1641 1322 1710 crediderunt.
1343 1645 1453 1710 Icarus

428 1761 536 1852 primo
548 1761 659 1828 statim
668 1775 787 1828 conatu
798 1761 893 1853 juxta
904 1759 1091 1829 cubiculum
1102 1761 1172 1852 ejus
1181 1760 1315 1848 decidit,
1328 1762 1451 1853 ipsum·

428 1903 494 1970 que
518 1903 633 1948 cruore
652 1881 813 1973 respersit.
833 1883 920 1950 Nam
944 1904 1079 1972 perraro
1100 1879 1291 1974 presidere,
1310 1893 1452 1948 ceterum

428 1996 608 2081 accubans,
625 1999 732 2088 parvis
754 1998 898 2091 primum
921 1998 1155 2086 foraminibus,
1174 1998 1291 2068 deinde
1308 2013 1379 2066 toto
1398 2025 1454 2092 po·

427 2113 483 2181 dio
500 2113 677 2208 adaperto,
694 2131 840 2209 spectare
859 2131 1043 2186 consuerat.
1058 2119 1206 2188 Instituit
1221 2133 1254 2186 et
1272 2119 1455 2212 quinquen·

329 2251 332 2258 ’
428 2230 502 2300 nale
532 2247 697 2300 certamen
726 2235 850 2326 primus
883 2236 1032 2304 omnium
1063 2239 1196 2324 Romae,
1222 2261 1315 2305 more
1346 2262 1455 2330 graeoo

427 2347 563 2443 triplex,
579 2353 758 2437 musicum,
796 2353 1456 2448 ymnicum‚equestre,quodappellavit
1553 2439 1554 2450 ἵ

428 2469 591 2537 Neronia.
608 2468 839 2563 Dedicatisque
856 2469 991 2540 thermis
1010 2488 1109 2565 atque
1123 2476 1308 2567 gymnasio,
1327 2477 1457 2543 senatui

428 2611 559 2680 quoque
582 2603 615 2658 et
638 2591 741 2682 equiti
760 2589 869 2660 oleum
886 2593 1034 2684 praebuit.
1060 2595 1237 2687 Magistros
1262 2597 1322 2662 toti
1347 2610 1457 2664 certa·

425 2706 506 2774 mini
521 2709 699 2800 praeposuit
715 2707 902 2778 consulares
918 2725 1019 2796 sorte,
1032 2709 1107 2779 sede
1123 2727 1318 2804 praetorum:
1333 2712 1458 2782 deinde

426 2825 460 2892 in
480 2826 680 2894 orchestram
700 2842 915 2921 senatumque
940 2827 1127 2919 descendit,
1147 2846 1181 2898 et
1202 2833 1359 2900 orationis
1378 2835 1459 2926 qui·
1553 2917 1554 2926 ἵ

426 2942 501 3010 dem
518 2945 736 3037 carminisque
756 2941 849 3012 latini
871 2970 1046 3034 coronam,
1063 2947 1104 3016 de
1120 2973 1186 3041 qua
1203 2950 1459 3020 honestissimus

425 3062 563 3152 quisque
582 3062 815 3152 contenderat,
833 3067 979 3158 ipsorum
998 3089 1158 3136 consensu
1178 3093 1368 3138 concessam
1396 3072 1461 3138 sibi

426 3179 547 3270 recepit
564 3205 572 3246 ε
589 3181 719 3250 citharae
732 3196 862 3269 autem,
882 3209 902 3251 a
914 3185 1081 3277 judicibus
1094 3185 1135 3254 ed
1148 3211 1182 3254 se
1198 3185 1365 3274 delatam,
1381 3189 1465 3258 ado·

425 3296 527 3378 ravit,
555 3295 699 3390 ferrique
730 3299 771 3366 ad
798 3303 936 3395 Augusti
964 3318 1105 3372 statuam
1129 3307 1242 3398 jussit.
1273 3310 1466 3399 Gymnico,

425 3412 516 3506 quod
524 3415 559 3482 in
569 3417 674 3510 Septis
683 3416 816 3506 edebat,
828 3420 913 3488 inter
925 3421 1084 3516 buthysiae
1097 3439 1306 3518 apparatum,
1315 3426 1467 3496 barbam

424 3534 565 3626 primam
591 3537 726 3628 posuit,
749 3537 979 3633 conditamque
1008 3541 1042 3608 in
1072 3565 1206 3611 auream
1231 3544 1409 3638 pyxidem,
1434 3561 1471 3616 et

425 3653 665 3744 pretiosissimis
696 3658 881 3751 margaritis
916 3659 1128 3748 adornatam,
1159 3663 1233 3730 Jovi
1264 3661 1471 3757 Capitolino

425 3773 636 3841 consecravit.
668 3773 720 3844 Ad
750 3774 946 3846 athletarum
980 3779 1201 3872 spectaculum
1238 3783 1400 3854 invitavit
1437 3801 1473 3855 et

425 3889 565 3982 virgines
583 3889 737 3980 vestales,
755 3895 832 3985 quia
850 3894 1010 3990 Olympiae
1032 3923 1164 3992 quoque
1189 3901 1318 3978 Cereris
1349 3928 1472 3974 sacer·

424 4004 554 4078 dotibus
568 4025 715 4102 spectare
732 4013 931 4082 conceditur.
