3168 5440
500 436 756 494 nourrrauos.
1115 435 1152 491 65
1217 493 1222 506 ,

111 582 168 626 nas
186 572 329 628 tesseras·
339 560 374 627 in
385 541 537 652 *singulos
552 585 676 630 cuneos
690 558 852 652 equestris
869 581 907 625 ac
925 558 1081 626 senatorii
1098 583 1154 628 or-

109 675 194 745 dinis
214 679 459 772 pronunciavit.

157 800 200 867 V.
227 795 375 868 Plurima
400 814 434 869 et
461 797 665 894 amplissima
689 821 790 894 opera
818 796 973 868 incendio
998 797 1154 868 absumta

109 918 282 987 restituit:
302 917 481 1011 inqueiset
499 917 724 1014 Capitolium,
747 917 838 1012 quod
861 941 978 987 rursus
997 931 1125 987 arserat
1144 944 1151 986 :

109 1038 165 1108 sed
191 1039 306 1109 omnia
331 1039 394 1108 suh
420 1037 517 1109 titulo
540 1053 671 1109 tantum
690 1037 769 1126 suo,
790 1063 830 1108 ac
845 1039 916 1108 sine
933 1035 1002 1108 ulla
1020 1039 1153 1133 pristini

109 1159 256 1228 auctoris
278 1161 449 1228 memoria.
469 1160 599 1230 Novam
616 1172 727 1229 autem
743 1159 899 1228 excitavit
913 1157 1018 1228 aedem
1036 1159 1071 1228 in
1088 1162 1152 1229 Ca·

105 1275 225 1372 pitolio
239 1277 378 1348 Custodi
394 1281 484 1368 Jovi,
506 1295 540 1350 et
558 1283 702 1366 Forum,
721 1278 811 1373 quod
829 1303 919 1348 nunc
946 1282 1072 1351 Nm
1094 1305 1153 1348 vo-

105 1411 232 1466 catur:
261 1399 339 1466 item
371 1397 492 1468 Flaviae
524 1397 686 1494 templum
709 1400 837 1494 gentis,
865 1415 899 1468 et
920 1399 1093 1488 Stadium,
1117 1415 1151 1468 et

104 1516 256 1605 Odeum,
266 1532 299 1587 et
314 1519 573 1620 Naumachiam3
589 1545 608 1589 e
624 1520 720 1614 cujus
735 1533 848 1613 postea
862 1518 973 1613 lapide
987 1521 1151 1592 maximus

104 1639 246 1725 Circus,
264 1639 390 1709 deustis
410 1642 569 1735 utrinque
585 1640 765 1728 lateribus,
782 1656 969 1711 exstructus
990 1656 1049 1712 est.

157 1763 218 1828 Vl.
237 1759 475 1854 Expeditiones
492 1763 614 1857 partim
633 1775 753 1856 sponte
772 1763 938 1856 suscepit,
955 1764 1078 1856 partim
1095 1787 1152 1831 ne·

101 1881 265 1966 cessario;
287 1896 424 1975 sponte,
451 1883 485 1949 in
504 1885 620 1952 cattos
639 1907 647 1950 :
669 1883 870 1969 necessario,
897 1899 999 1951 uuam
1016 1883 1051 1951 in
1071 1883 1150 1952 Sar·

102 2013 228 2086 metas,
244 1996 377 2094 legione
403 2025 479 2070 cum
503 1998 612 2096 legato
630 2000 729 2071 simul
746 2025 842 2089 caesa;
863 2002 898 2070 in
918 2004 1029 2071 Dacos
1046 2001 1151 2090 duas,

101 2105 248 2212 primam
277 2121 390 2215 Oppio
418 2121 542 2190 Sabino
568 2120 736 2190 consulari
762 2145 947 2216 oppresso,
968 2121 1149 2191 secundam
1187 2131 1189 2138 ’

100 2236 264 2308 Cornelio
275 2243 400 2326 Fusco,
415 2239 571 2334 praefecto
582 2240 772 2312 cohortium
788 2242 1078 2334 praetorianarum,
1093 2243 1149 2310 cui

97 2357 182 2428 helii
209 2383 374 2429 summam
401 2362 622 2434 commiserat.
651 2363 703 2431 De
733 2363 839 2431 Cattis
863 2363 1049 2455 Dacisque,
1074 2377 1150 2456 post

97 2482 193 2550 var-iu
222 2479 355 2574 proelia,
382 2477 550 2576 duplicem
577 2481 783 2577 triumphum
807 2485 886 2575 egit.
911 2483 964 2550 De
989 2483 1149 2550 Sarmatis

96 2599 251 2670 lauream
280 2601 382 2698 modo
411 2600 602 2696 Capitolino
622 2601 698 2670 Jovi
724 2599 849 2670 retulit.
871 2599 1000 2670 Bellum
1029 2600 1149 2693 civile,

96 2735 262 2790 motuma
275 2724 315 2791 L.
326 2724 489 2810 Antonio,
503 2723 683 2818 superioris
697 2722 887 2790 Germaniae
902 2719 1056 2814 praeside,
1069 2745 1150 2791 con·

93 2841 182 2910 secit
208 2841 345 2928 absens,
373 2841 530 2912 felicitate
559 2827 664 2926 mira,
695 2865 799 2936 quum
823 2843 894 2934 ipse
925 2837 1149 2910 dimicationis

91 2962 185 3030 hora
199 2960 366 3031 resolutus
383 2977 521 3058 repente
537 2963 675 3033 Rhenus
690 2963 888 3031 transituras
904 2959 947 3030 ad
962 2961 1146 3032 Antonium

90 3083 215 3178 copias
237 3083 462 3180 Barbarorum
485 3084 693 3153 inhibuisset.
713 3085 767 3152 De
783 3103 850 3176 qua
869 3083 1009 3151 victoria
1026 3081 1147 3176 praesa?

90 3205 158 3298 giis
177 3203 402 3298 prius‚quam
423 3205 570 3292 nunciis,
587 3205 758 3298 comperit.
781 3200 953 3295 Siquidem
971 3202 1061 3296 ipso,
1080 3228 1148 3297 quo

90 3322 296 3393 dimicatum
310 3339 402 3412 erat,
419 3323 486 3410 die,
505 3338 648 3393 statuam
662 3323 733 3416 ejus
749 3325 874 3422 Romae,
882 3323 1021 3418 insignis
1035 3323 1147 3417 aquila

88 3441 325 3538 circumplexa
342 3423 481 3539 pennis,
500 3441 671 3539 clangores
688 3440 872 3512 laetissimos
886 3441 990 3512 edidit
1006 3469 1015 3511 ε
1034 3442 1148 3538 paulo·

86 3589 161 3658 que
190 3579 290 3660 post,
316 3565 462 3634 occisum
493 3563 697 3652 Antonium,
721 3561 998 3658 adeo'vulgatum
1022 3579 1089 3653 est,
1109 3580 1148 3634 ut

85 3699 201 3780 caput
217 3707 353 3777 quoque
373 3684 445 3777 ejus
465 3699 680 3778 apportatum
696 3681 816 3752 vidisse
835 3707 886 3772 se,
902 3681 1053 3778 plerique
1069 3709 1148 3755 cou-

83 3804 288 3874 tenderent.

135 3926 226 3994 vn.
255 3921 366 4008 Multa
390 3925 488 3993 ctiam
515 3926 559 4004 in,
576 3927 744 3994 communi
773 3949 885 3994 rerum
913 3948 975 3994 usu
999 3927 1144 3994 novavit.

82 4039 278 4140 sportulas
291 4041 448 4142 publicas,
456 4043 606 4132 sustulit,
623 4060 775 4115 revocata
793 4058 960 4113 rectarum
977 4069 1145 4115 coenarum

248 4187 288 4232 rr.
981 4163 1001 4236 5
