3168 5440
426 564 463 618 ,ε
643 506 654 524 “
829 544 860 602 c
883 541 1065 612 suerorru

425 695 530 764 quum
550 683 804 764 procuratorum
825 691 961 738 suorum
982 669 1117 738 nomine
1135 667 1309 740 formalem
1328 667 1462 774 dictaret

425 788 616 884 epistolam,
643 791 690 860 sic
718 789 847 885 eoepit:
873 819 890 854 a
904 790 1071 860 Dominus
1094 803 1129 858 et
1156 787 1237 860 deus
1263 805 1378 860 noster
1405 791 1462 862 hoc
1556 775 1557 810 ³

425 909 496 978 lieri
508 909 611 1004 jubet.
625 937 644 976 s
656 885 961 980 Undeinstitutum
976 910 1132 1004 posthac,
1150 923 1187 978 nt
1202 934 1244 980 ne
1260 911 1384 1005 scripto
1397 914 1464 1005 qni·

425 1029 503 1100 dem
521 1054 560 1100 ac
580 1053 732 1100 sermone
758 1031 954 1124 cujusquam
972 1027 1196 1126 appellaretur
1213 1027 1321 1100 aliter.
1337 1033 1464 1100 Statuas

425 1151 489 1220 sibi
508 1153 543 1222 in
561 1149 729 1246 Capitolio
752 1175 820 1222 non
841 1153 906 1220 nisi
923 1175 1040 1222 aureas
1057 1166 1091 1222 et
1109 1167 1282 1248 argenteas
1300 1155 1382 1247 poni
1399 1178 1465 1247 per·
1556 1171 1557 1256 ἐ

424 1271 531 1360 misit,
553 1297 593 1342 ac
611 1270 769 1367 ponderis
787 1273 879 1342 certi.
899 1274 1001 1342 Janos
1018 1297 1182 1366 arcusque
1201 1297 1277 1342 cum
1300 1273 1465 1368 quadrigis

425 1411 459 1466 et
476 1393 664 1488 insignibus
681 1395 930 1488 triumphorum
946 1419 1007 1488 per
1022 1397 1172 1490 regiones
1188 1395 1292 1464 Urbis
1307 1409 1417 1464 tantos
1431 1421 1465 1466 ac

424 1529 474 1586 tot
491 1516 669 1604 exstruxit,
690 1529 729 1584 ut
747 1514 879 1584 cuidam
895 1539 1000 1609 graece
1020 1516 1216 1610 inscriptum
1237 1517 1306 1584 sit:
1325 1519 1463 1586 APKEI.

424 1635 626 1708 Consulatus
653 1635 888 1730 septemdecim
914 1637 1024 1731 cepit,
1049 1651 1132 1731 quot
1156 1651 1333 1707 antaeum
1359 1663 1462 1706 nemo.
1556 1635 1557 1642 '

424 1761 474 1826 Ex
500 1757 622 1850 quibus
651 1772 778 1852 septem
807 1756 934 1827 medios
962 1759 1172 1828 continuavit
1193 1783 1201 1826 ε
1220 1781 1337 1826 omnes
1356 1773 1462 1826 autem

424 1903 519 1972 paene
536 1877 634 1948 titulo
649 1893 748 1948 tenus
768 1878 870 1972 gessit
885 1903 894 1946 ε
912 1903 972 1947 nec
985 1877 1295 1972 quemquam'ultra
1310 1877 1464 1948 kalendas

421 2001 500 2070 maii
524 2025 533 2068 :
552 1997 663 2092 plures
679 1998 723 2067 ad
737 1999 812 2068 idus
830 2023 934 2092 usque
952 1999 1133 2092 januarias.
1152 2001 1234 2070 Post
1255 2012 1366 2067 autern
1385 1998 1464 2068 duos

424 2119 629 2212 triumphos,
645 2119 839 2190 Germanici
855 2119 1055 2214 cognomine
1070 2131 1233 2202 assumto,
1250 2119 1463 2213 septembrem

424 2262 572 2308 mensem
590 2253 623 2307 et
643 2238 814 2308 octobrem
832 2263 872 2308 ex
889 2236 1170 2334 appellationibus
1189 2242 1276 2323 suis,
1294 2239 1465 2308 Germani·

424 2383 501 2428 cum
524 2360 825 2452 Domitianumque
848 2359 1144 2443 transnominavit3
1163 2357 1254 2452 quod
1277 2357 1384 2428 altero
1401 2384 1465 2429 sus·

424 2480 564 2574 cepisset
580 2481 779 2574 imperium,
797 2479 903 2548 altero
917 2493 1016 2548 natus
1031 2494 1126 2548 esset.

473 2604 567 2670 mv.
582 2604 646 2670 Per
657 2601 726 2670 boec
739 2598 896 2670 terribilis
911 2601 1043 2670 cuncus
1055 2614 1090 2669 et
1105 2600 1246 2688 invisus,
1263 2599 1400 2670 tandem
1413 2625 1467 2694 op-

424 2744 557 2812 pressus
574 2735 624 2790 est
639 2721 825 2790 amicorum
842 2719 1107 2814 libertorumque
1126 2721 1320 2791 intimorum
1339 2722 1465 2815 conspi-

425 2843 572 2930 ratione,
588 2840 687 2912 simul
704 2855 738 2910 et
753 2842 877 2911 uxoris.
896 2845 1031 2920 Annum
1049 2839 1205 2936 diemque
1223 2841 1379 2911 ultimum
1397 2843 1466 2909 ritae

422 2961 491 3053 jam
511 2960 639 3054 pridem
661 2975 853 3056 suspectum
871 2961 1016 3030 habebat
1030 2987 1038 3030 :
1054 2961 1174 3032 horam
1192 2963 1311 3049 etiam,
1328 2986 1467 3031 necnon

424 3094 458 3147 et
477 3105 580 3174 genus
598 3083 724 3150 mortis.
741 3079 998 3151 Adolescentulo
1015 3080 1161 3152 Chaldaei
1177 3097 1297 3152 cuncta
1313 3081 1468 3176 pradina-

425 3214 511 3268 rant.
530 3203 628 3294 Pater
643 3225 778 3295 quoque
797 3226 898 3294 super
915 3225 1046 3272 coenam
1060 3187 1228 3295 quondam
1245 3201 1358 3296 lurgis
1372 3202 1470 3271 absti-

426 3333 569 3389 nentem.
586 3319 696 3414 palam
724 3323 892 3405 irriserat,
919 3337 956 3390 ut
982 3322 1138 3417 ignarum
1160 3323 1259 3390 sortis
1276 3347 1359 3408 suae,
1380 3319 1470 3416 quod

426 3463 494 3508 non
512 3439 637 3510 serrum
652 3443 765 3536 potius
780 3443 922 3510 timeret.
937 3442 1053 3530 Quare
1066 3441 1206 3535 pavidus
1222 3467 1354 3536 semper
1370 3457 1470 3534 atque

426 3563 558 3650 anxius,
573 3563 719 3632 minimis
733 3563 833 3632 etiam
848 3563 1095 3657 suspicionibus
1110 3577 1230 3657 prater
1244 3562 1381 3632 modum
1392 3587 1472 3632 con·

426 3683 638 3768 movebatur3
664 3698 703 3754 ut
732 3682 851 3765 edicti,
875 3682 916 3750 de
943 3681 1132 3752 excidendis
1160 3685 1265 3752 vineis
1285 3684 1472 3778 propositi,

427 3803 567 3898 gratiam
589 3803 697 3872 facere
722 3829 790 3873 nou
811 3802 876 3872 alia
900 3803 1007 3899 magis
1033 3829 1069 3872 re
1094 3803 1285 3900 compulsus
1304 3804 1475 3884 credatur,

427 3947 527 4014 quam
541 3923 632 4017 quod
651 3925 756 4018 sparsi
774 3921 876 3992 libelli
894 3948 971 3992 curn
989 3925 1040 3992 his
1060 3925 1208 3994 versibus
1224 3941 1319 3994 erant
1338 3951 1345 3992 :

524 4101 576 4158 llals
595 4120 626 4168 ps
641 4102 720 4172 φάγῃς
738 4103 779 4153 ἐπὶ
796 4102 877 4170 ῥίζαν,
897 4103 959 4170 ὅμως
980 4101 1015 4152 [τι
1031 4103 1223 4170 κκρποῳορήσω,

566 4180 647 4245 doras
667 4197 812 4246 ἐπισπεῖσαι
833 4194 941 4262 llaioapr
960 4196 1075 4263 turpise.
1250 4185 1252 4188 ⁵
