3114 5446
511 525 710 580 CALIGULA.
1072 543 1122 598 ¹9¹

102 675 235 745 rumque
252 653 379 746 speeie,
392 649 642 747 exploratorias
653 647 841 742 appellavit.
854 651 980 718 Rursus
997 650 1126 721 obsides

102 769 274 863 quosdam,
286 769 444 842 abductos
457 793 477 838 e
490 767 649 838 litterario
665 765 759 854 ludo,
767 765 917 861 clamque
925 769 1126 862 praemissos,

102 889 226 961 deserto
240 903 377 983 repente
390 886 542 958 convivio
561 909 636 957 cum
657 887 806 980 equitatu
825 887 1008 974 insecutus,
1021 886 1125 956 veluti

103 1008 254 1102 profugos
284 1031 323 1076 ao
351 1006 567 1101 reprehensos
594 1007 629 1099 in
661 1006 784 1075 catenis
814 1005 968 1094 reduxit,
996 1008 1030 1075 in
1061 1009 1126 1076 hoc

104 1153 229 1221 quoque
260 1129 361 1196 mimo
390 1141 509 1221 praeter
538 1124 674 1194 modum
709 1126 940 1218 intemperans.
973 1127 1125 1220 Repetite

103 1272 209 1337 crena,
231 1247 462 1316 renunciantes
477 1260 627 1314 coactum
648 1267 786 1338 agmen,
808 1245 892 1314 sicut
911 1263 1025 1334 erant,
1047 1245 1125 1316 lori-

104 1381 185 1435 catos
210 1365 255 1435 ad
276 1363 548 1436 discumbendum
570 1363 764 1434 adhortatus
789 1379 848 1434 est.
870 1365 1004 1435 Monuit
1027 1369 1124 1436 etiam
1199 1351 1202 1360 ¹

103 1487 270 1555 notissimo
294 1483 427 1578 Virgilii
451 1508 569 1570 versu,
594 1487 820 1570 «Durarent,
845 1485 1061 1578 secundisque
1089 1515 1124 1557 se

104 1606 193 1674 rebus
214 1617 432 1674 servarent.»
455 1606 564 1696 Atque
584 1604 669 1672 inter
691 1603 760 1672 haec
783 1605 950 1673 absentem
973 1623 1123 1678 senatum
1240 1645 1246 1658 ·

103 1723 327 1817 populumque
347 1723 539 1819 gravissimo
557 1722 745 1817 objurgavit
764 1722 888 1812 edicto,
901 1725 1009 1816 quod,
1025 1755 1041 1790 e
1055 1731 1125 1798 Cae-

103 1867 168 1911 sare
198 1841 394 1936 proeliante,
418 1856 450 1911 et
472 1842 572 1910 tantis
595 1839 839 1910 discriminibus
864 1843 1015 1936 objecto,
1043 1859 1124 1914 tem-

103 1963 220 2053 pestiva
235 1961 402 2048 convivia,
415 1961 557 2047 circum,
570 1975 603 2030 et
619 1961 762 2050 tlreatra,
776 1975 809 2030 et
822 1985 966 2032 amoenos
980 1987 1123 2034 secessus

101 2078 310 2148 celebrarent.
328 2107 346 2144 s

143 2201 265 2269 XLVI.
293 2201 483 2285 Postremo,
509 2199 602 2292 quasi
632 2213 878 2293 perpetraturus
904 2201 1051 2290 bellum,
1074 2206 1124 2274 di-

100 2331 184 2386 recta
216 2317 288 2386 acie
318 2318 353 2386 in
381 2315 477 2388 litore
503 2317 650 2404 Oceani,
682 2341 720 2386 ac
746 2317 871 2388 balistis
899 2323 1123 2417 machinisque

99 2431 279 2528 dispositis,
294 2436 425 2504 ncmine
440 2459 543 2529 gnaro
558 2449 617 2504 aut
634 2436 807 2529 opinante,
823 2439 981 2530 quidnam
998 2459 1123 2535 coeptu-

101 2576 153 2620 rus
172 2566 279 2640 esset,
305 2567 457 2647 repente,
483 2567 521 2622 ut
540 2553 680 2624 conchas
709 2551 875 2649 legerent,
895 2556 1069 2652 galeasque
1091 2577 1124 2629 et

99 2673 187 2742 sinus
209 2673 397 2768 replerent,
421 2674 615 2768 imperavit3
638 2704 655 2738 c
670 2673 772 2768 spolia
795 2677 955 2744 Oceani»
980 2698 1123 2766 vocans,

98 2819 115 2854 ι
127 2792 297 2887 Capitolio
311 2790 504 2886 Palatioque
522 2791 642 2862 debita.
658 2821 674 2858 s
689 2795 732 2862 Et
749 2795 782 2861 in
804 2793 961 2863 indicium
979 2798 1125 2867 victoriae

99 2908 291 2980 altissimam
318 2926 441 2980 turrem
466 2912 641 2999 excitavit,
678 2935 718 2980 ex
745 2935 832 3005 qua,
859 2927 897 2981 ut
927 2938 966 2982 ex
992 2915 1125 3001 Pharo,

97 3031 249 3099 noctibus
268 3029 312 3098 ad
333 3028 494 3124 regendos
515 3030 647 3098 navium
669 3053 784 3099 cursus
804 3031 896 3125 ignes
915 3034 1121 3102 emicarent:

95 3149 383 3241 pronunciatoque
401 3147 497 3216 militi
518 3147 692 3234 donativo,
712 3151 857 3218 centenis
877 3151 1000 3220 viritim
1015 3151 1123 3236 dena·

94 3269 175 3353 riis,
198 3268 292 3361 quasi
314 3291 413 3336 omne
436 3265 621 3362 exemplum
644 3267 849 3339 liberalitatis
873 3295 1125 3366 supergressus,

93 3413 111 3448 ι
127 3386 250 3473 abite,
267 3386 393 3479 inquit,
413 3383 499 3475 laeti,
520 3387 607 3454 abite
626 3384 849 3480 locupletes.»

141 3509 282 3580 XLVII.
305 3511 490 3578 Conversus
510 3507 588 3576 hinc
609 3507 650 3575 ad
671 3531 783 3578 curam
805 3511 985 3604 triumphi,
1005 3528 1124 3604 prater
1161 3535 1165 3544 ·

92 3627 245 3718 captivos
260 3651 300 3696 ac
313 3625 497 3720 transfugas
512 3625 687 3712 barbaros,
702 3625 886 3696 Galliarum
900 3653 1032 3722 quoque
1047 3655 1125 3724 pro-

92 3745 303 3814 cerissimum
322 3769 508 3838 quemque,
530 3758 581 3832 et,
601 3759 638 3812 ut
660 3747 728 3838 ipse
749 3745 896 3834 dicebat,
920 3741 1125 3845 ἁξιοθριᾶμ-

91 3861 215 3951 Cauros,
236 3889 276 3934 ac
296 3861 473 3932 nonnullos
498 3887 538 3932 ex
561 3863 765 3958 principibus
787 3863 887 3960 legit,
912 3891 950 3935 ac
975 3869 1122 3960 seposuit

88 3983 135 4052 ad
166 4005 343 4079 pompam3
367 3984 539 4078 coegitque
559 4008 634 4062 ¹non
662 3998 791 4052 tantum
818 3984 953 4053 rutilare
973 4000 1006 4054 et
1032 4010 1121 4054 sum·

90 4104 231 4171 mittero
242 4127 384 4191 comam,
394 4101 451 4170 sed
462 4117 495 4170 et
507 4125 688 4171 sermonem
699 4104 925 4196 gennanicum
938 4103 1120 4193 addiscere,
