3114 5446
414 559 470 616 236
819 557 849 613 C.
870 557 1043 615 SUETONII

414 685 555 753 Notatus
577 682 621 750 ob
644 683 713 750 haec
736 693 770 748 et
792 682 912 750 sororis
934 682 1027 774 joco,
1052 681 1262 774 querentibus
1295 683 1435 754 dominis

414 801 613 886 factionum,
650 829 667 864 α
682 799 944 892 repraesentanda
977 802 1110 895 praemia
1147 803 1181 869 in
1216 817 1406 896 posterum,
1420 835 1436 868 a

415 920 530 988 sanxit
551 919 732 1012 Majestutis
756 941 904 1011 quoque,
925 931 958 986 et
980 918 1235 1008 adulteriorum,
1255 921 1436 1015 incestique

415 1061 490 1106 cum
507 1062 619 1106 sorore
635 1035 776 1132 Lepida,
788 1037 849 1105 sub
866 1061 997 1107 excessu
1013 1039 1135 1108 Tiberii
1149 1065 1242 1128 reus,
1255 1043 1437 1110 mutatione

414 1172 598 1250 temporum
617 1157 734 1245 evasit3
753 1155 954 1250 decessitque
966 1157 1081 1253 Pyrgis
1097 1159 1213 1229 morbo
1230 1185 1322 1253 aquae
1341 1161 1437 1229 inter

413 1277 512 1364 cutis,
536 1275 665 1346 sublato
694 1274 762 1344 filio
785 1279 919 1347 Nerone
943 1301 983 1346 ex
1013 1279 1211 1372 Agrippina,
1239 1280 1436 1348 Germanico

413 1395 533 1488 genita
655 1439 659 1448 ι

461 1517 519 1583 VI.
538 1516 629 1584 Nero
645 1529 742 1585 natus
757 1530 807 1586 est
820 1517 909 1586 Antii
926 1529 1001 1610 post
1014 1539 1138 1585 nouum
1156 1540 1318 1600 mensem,
1337 1541 1435 1609 φιαιιι

413 1633 561 1702 Tiberius
593 1635 749 1722 excessit,
778 1634 1040 1704 duodevicesimo
1069 1633 1222 1703 kalendas
1249 1636 1436 1726 januarias,

415 1765 544 1821 tantum
556 1752 646 1845 quod
663 1754 829 1822 exoriente
841 1752 928 1840 sole,
940 1779 1031 1847 paene
1050 1768 1087 1821 ut
1097 1753 1196 1821 radiis
1209 1755 1316 1846 prius,
1335 1777 1435 1845 quam

413 1885 520 1956 terra,
540 1873 794 1965 contingeretur.
812 1876 863 1940 De
888 1875 1040 1967 genitura
1059 1873 1129 1965 ejus
1151 1873 1261 1940 statim
1280 1871 1384 1940 multa
1404 1887 1437 1939 et

412 1986 624 2056 formidolosa
647 1989 760 2058 multis
784 1991 1060 2084 conjectantibus,
1079 1993 1233 2085 praesagio
1258 1991 1321 2059 fuit
1338 1993 1437 2060 etiam

318 2153 321 2160 ·
412 2106 553 2174 Domitii
574 2109 675 2200 patris
700 2132 783 2196 vox,
810 2111 897 2177 inter
918 2109 1149 2203 gratulationes
1173 2111 1352 2178 amicorum
1379 2133 1436 2177 ne-

413 2225 539 2323 gantis,
557 2226 730 2318 quicquam
743 2251 782 2294 ex
800 2253 833 2296 se
850 2243 883 2296 et
901 2230 1102 2322 Agrippina,
1120 2230 1182 2312 nisi
1201 2228 1389 2298 detestabile
1403 2245 1437 2298 et

414 2340 502 2412 malo
520 2341 667 2436 publico,
686 2347 775 2414 nasci
791 2347 945 2438 potuisse.
960 2345 1114 2439 Ejusdem
1131 2347 1248 2415 futurae
1267 2347 1437 2416 infelicita-

414 2461 458 2530 tis
475 2463 605 2556 signum
623 2463 755 2531 evidens
774 2463 826 2532 die
842 2463 976 2534 lustrico
992 2465 1114 2532 exstitit
1132 2492 1140 2532 :
1162 2490 1238 2533 nam
1257 2469 1295 2534 C.
1316 2469 1437 2544 Caesar,

412 2595 550 2673 rogante
571 2607 697 2670 sorore,
716 2597 754 2650 ut
771 2583 906 2670 infanti,
925 2583 1015 2675 quod
1039 2581 1154 2670 vellet,
1179 2609 1297 2652 nomen
1320 2583 1438 2673 daret,

413 2700 545 2791 intuens
565 2698 740 2770 Claudiurn
758 2717 912 2796 patruum
931 2726 1046 2790 suum,
1064 2727 1083 2770 a
1100 2727 1166 2796 quo
1186 2728 1263 2770 mox
1288 2704 1438 2797 principe

394 2819 502 2888 'Nero
521 2819 694 2912 adoptatus
711 2835 780 2908 est,
800 2816 870 2913 ejus
888 2846 922 2890 se
943 2823 1023 2892 dixit
1043 2821 1120 2890 dare
1140 2849 1149 2892 ε
1170 2847 1277 2918 neque
1299 2829 1369 2920 ipse
1388 2851 1438 2895 se·

413 2939 485 3023 rio,
512 2937 568 3004 sed
594 2962 652 3028 per
675 2940 802 3031 jocum,
832 2955 864 3008 et
889 2957 1083 3034 aspernante
1114 2945 1319 3037 Agrippina,
1346 2945 1437 3037 quod

413 3069 485 3122 tum
495 3053 652 3124 Claudius
668 3057 752 3126 inter
768 3057 910 3128 ludibria
925 3059 1007 3128 aulas
1026 3077 1107 3130 erat.
1125 3061 1292 3131 Trimulus
1310 3079 1437 3156 patrem

412 3175 520 3242 amisit
536 3176 651 3267 :cujus
668 3200 706 3244 ex
724 3191 817 3269 parte
836 3181 929 3246 tertia
947 3181 1056 3268 heres,
1075 3205 1116 3248 ne
1135 3183 1220 3250 hene
1235 3182 1369 3275 quidem
1387 3184 1438 3249 in·

413 3306 537 3385 tegram
557 3296 663 3387 cepit,
680 3299 839 3389 correptis
857 3322 916 3390 per
933 3292 1125 3368 coheredem
1143 3303 1259 3370 Caium
1276 3303 1438 3369 universis

412 3409 507 3480 bonis
526 3437 534 3479 ε
554 3427 587 3480 et
601 3415 738 3483 subinde
755 3430 859 3483 matre
873 3417 971 3484 etiam
987 3416 1148 3512 relegata,
1166 3444 1257 3512 paene
1274 3421 1371 3513 inops
1389 3436 1440 3489 at·

412 3553 475 3620 que
507 3555 623 3624 egeus,
651 3534 739 3629 apud
772 3538 906 3604 amitam
931 3537 1089 3632 lepidam
1116 3541 1260 3608 nutritus
1282 3554 1352 3624 est,
1379 3541 1440 3608 sub

412 3648 542 3721 duobus
554 3651 757 3747 paedagogis,
773 3653 925 3724 saltatore
938 3671 1036 3748 atque
1048 3671 1189 3726 tonsore.
1202 3661 1326 3726 Verum
1342 3657 1444 3727 Clau-

351 3803 357 3816 ·
412 3766 466 3834 dio
487 3768 662 3861 imperium
680 3771 816 3864 adepto,
836 3799 902 3842 uon
921 3773 1026 3844 solum
1040 3791 1192 3869 paternas
1210 3801 1287 3868 opes
1304 3801 1445 3870 recupe-

412 3887 512 3973 ravit,
526 3888 583 3956 sed
596 3904 629 3958 et
642 3891 747 3984 Crispi
764 3894 906 3962 Passieni
922 3895 1029 3963 vitrici
1046 3897 1096 3964 sui
1114 3895 1295 3963 hereditate
1315 3894 1443 3964 ditatus

412 4019 469 4073 est
498 4009 614 4076 Gratia
643 4009 775 4102 quidem
801 4026 835 4080 et
860 4015 1004 4104 potentia
1029 4029 1186 4082 revocata
1214 4015 1442 4108 restitutaeque

413 4127 525 4192 matris
546 4151 648 4219 usque
665 4152 704 4196 eo
724 4130 854 4234 floruit,
877 4146 913 4198 ut
937 4145 1102 4226 emanaret
1122 4134 1154 4200 in
1174 4131 1307 4226 vulgus,
1324 4134 1446 4203 missos
