3138 5438
408 523 445 578 so
818 521 847 576 C.
870 519 1045 576 SUE'fflNlI

305 721 313 732 ,
410 651 598 739 vinciasque
629 644 801 714 divideret.
835 647 873 712 ln
906 645 1014 738 primo
1045 641 1217 712 consulatu
1250 643 1313 712 tria
1345 642 1442 713 millia

411 765 522 860 pondo
535 766 607 834 auri
623 765 751 834 iuratus
766 789 786 832 e
803 762 983 857 Capitolio,
998 762 1205 832 tantumdem
1218 763 1360 832 inaurati
1374 767 1444 833 aeris

410 887 567 978 reposuit.
592 885 768 953 Societates
795 908 833 952 ac
856 907 958 978 regna
983 884 1089 978 pretio
1116 880 1224 967 dedit,
1248 895 1286 950 ut
1309 885 1366 976 qui
1388 886 1445 951 uni

409 1003 586 1074 Ptolemaeo
607 1027 712 1098 prope
730 1027 785 1071 sex
803 1001 906 1071 millia
926 999 1129 1070 talentorum
1151 1025 1212 1070 suo
1233 1003 1447 1096 Pompeiique

410 1123 544 1190 nomine
562 1119 743 1191 abstulerit.
766 1125 883 1192 Postea
900 1145 980 1190 vero
999 1119 1251 1190 evidentissimis
1269 1121 1393 1215 rapinis
1410 1145 1447 1189 ac
1512 1141 1515 1150 ’

410 1237 605 1334 sacrilegiis,
622 1254 656 1310 et
673 1265 774 1310 onera
789 1238 953 1310 bellorum
971 1237 1133 1328 civilium,
1151 1255 1185 1309 et
1201 1241 1447 1334 triumphorum

410 1385 448 1428 ae
464 1383 642 1428 munerum
659 1333 817 1428 sustinuit
835 1357 1011 1453 impendia

458 1480 529 1549 LV.
555 1477 751 1572 Eloquentia
772 1475 972 1570 militarique
990 1501 1027 1546 re
1049 1491 1108 1548 aut
1129 1479 1271 1572 maurit
1289 1493 1448 1573 praestan·

411 1598 613 1666 tissimorum
642 1596 803 1692 gloriam,
832 1611 891 1666 aut
917 1598 1064 1666 excessit.
1094 1601 1175 1666 Post
1203 1599 1449 1666 accusationem

405 1714 592 1786 ¹Dolabella
605 1716 695 1786 haud
711 1717 811 1786 dubie
828 1717 1032 1810 principibus
1048 1717 1196 1810 patronis
1211 1731 1450 1785 annumeratus

410 1850 469 1904 est.
488 1839 586 1906 Certe
607 1838 725 1906 Cicero
745 1837 787 1906 ad
807 1839 969 1926 Brutum,
991 1849 1139 1905 oratores
1156 1859 1371 1924 enumerans,
1392 1861 1453 1904 ne·

411 1969 467 2049 gat
485 1985 502 2020 a
512 1979 547 2024 se
561 1955 672 2025 videre
692 1958 745 2024 cui
761 1959 870 2025 Caesar
885 1955 1003 2024 debeat
1016 1954 1155 2024 cederes
1175 1978 1184 2023 z
1201 1955 1329 2049 aitque,
1348 1979 1453 2025 «eum

412 2074 617 2168 elegantem,
641 2071 847 2167 splendidam
869 2099 1022 2167 quoque,
1047 2087 1147 2167 atque
1173 2075 1271 2142 etiam
1297 2075 1455 2168 magnili-

412 2215 506 2280 cam,
526 2215 564 2260 ac
582 2215 773 2286 generosam
790 2192 1053 2285 quodammodo,
1073 2193 1234 2262 rationem
1253 2192 1385 2261 dicendi
1404 2205 1456 2262 te-

413 2335 491 2380 nere
506 2323 587 2379 :act
601 2311 644 2378 ad
660 2309 851 2380 Cornelium
868 2313 1030 2405 Nepotem
1046 2311 1087 2380 de
1104 2311 1218 2380 eodem
1235 2313 1279 2379 ita
1296 2313 1455 2406 scripsit:

412 2429 555 2518 «Quidt
587 2445 757 2499 oratorum
791 2455 890 2523 quem
925 2432 1003 2499 huie
1036 2445 1216 2523 antepones
1248 2455 1364 2500 eorum
1395 2435 1460 2524 qui

412 2547 494 2616 nihil
523 2547 613 2618 aliud
639 2548 802 2642 egerunt?
825 2549 910 2639 Quis
941 2535 1109 2617 sententiis
1136 2563 1193 2617 aut
1220 2551 1365 2638 acutior,
1395 2566 1459 2619 aut

413 2667 578 2738 crebriori
596 2670 682 2759 Quis
694 2670 803 2738 verbis
817 2683 875 2738 aut
892 2669 1055 2757 ornatior,
1072 2683 1129 2737 aut
1145 2668 1367 2762 elegantiori»
1386 2673 1461 2740 Ge-

412 2811 475 2856 nus
504 2786 700 2881 eloquentiae
728 2789 890 2856 duntaxat
921 2785 1109 2855 adolescens
1141 2787 1249 2857 adhuc
1279 2790 1464 2858 Strabonis

413 2907 550 2976 cesaris
570 2921 700 2974 secutus
721 2883 872 2993 videtur}
891 2905 985 2998 cujus
1008 2907 1104 2972 etiam
1123 2931 1160 2974 ex
1185 2908 1354 2994 oratione,
1382 2933 1465 3001 quae

413 3024 605 3092 inscribitur
625 3029 696 3092 Pro
715 3023 854 3109 Sardis,
879 3023 920 3092 ad
942 3023 1078 3092 verbum
1102 3023 1262 3092 nonnulla
1281 3025 1467 3095 transtulit

415 3143 448 3209 in
465 3141 712 3211 Divinationem
730 3167 833 3210 suam.
850 3143 1086 3211 Pronuntiasse
1102 3157 1214 3211 autem
1232 3143 1355 3212 dicitur
1374 3170 1470 3214 voce

414 3275 526 3349 acuta,
543 3260 672 3330 ardenti
692 3275 784 3330 motu
802 3275 978 3356 gestuque,
996 3285 1063 3329 non
1081 3263 1151 3330 sine
1165 3277 1346 3332 venustate.
1369 3267 1470 3334 Ora·

415 3382 521 3448 tiones
537 3378 664 3474 aliquas
678 3380 827 3474 reliquit,
843 3382 928 3448 inter
941 3405 1023 3474 quas
1038 3395 1159 3450 temere
1174 3381 1323 3474 quaedam
1338 3382 1472 3454 ferun·

415 3514 497 3567 tur:
518 3513 556 3568 ut
574 3505 644 3569 Pru
664 3504 706 3592 Q.
725 3500 876 3584 Metello,
896 3523 995 3593 quam
1014 3524 1079 3568 non
1098 3501 1262 3569 immerito
1280 3505 1471 3596 Augustus

415 3619 579 3687 existimat
597 3620 700 3712 magis
716 3619 758 3687 ab
774 3619 929 3688 actuariis
946 3633 1134 3712 exceptam,
1150 3617 1235 3689 male
1250 3623 1473 3716 subsequen-

416 3739 504 3806 tibus
520 3738 621 3805 verba
637 3738 792 3827 dicentis,
811 3761 911 3831 quam
926 3738 968 3806 ab
985 3740 1057 3833 ipso
1072 3737 1203 3807 editam.
1221 3743 1309 3810 Nam
1323 3741 1361 3809 in
1382 3746 1476 3838 qui-

416 3856 554 3924 busdam
581 3856 822 3950 exemplaribus
851 3860 1003 3946 invenio,
1029 3881 1071 3925 ne
1100 3859 1291 3952 inscriptam
1316 3863 1475 3954 quidem

354 3959 360 3974 ’
418 3979 488 4044 Pro
507 3976 657 4062 Metello,
678 3977 751 4064 sed,
770 4001 870 4071 quum
884 3979 1016 4074 scripsit
1034 3977 1184 4062 Metello,
1203 4006 1307 4073 quum
1321 4006 1368 4051 ex
1385 4009 1479 4079 per-

420 4114 500 4162 sona
516 4097 654 4164 Caesaris
674 4121 781 4164 sermo
799 4098 858 4184 sit,
879 4096 1051 4166 Metellum
1072 4122 1171 4191 seque
1188 4099 1343 4170 adversus
1367 4129 1482 4174 com-
