3098 5446
818 450 848 508 C.
873 449 1055 508 SUETONII

418 575 597 669 imperator
626 599 704 644 vero
734 575 832 644 etiam
867 591 1005 646 stemma
1040 579 1074 646 in
1109 579 1194 646 atrio
1230 577 1456 670 proposuerit,

416 719 484 790 quo
504 709 675 790 paternam
700 696 862 792 originem
882 697 924 768 ad
947 699 1083 786 lovem,
1104 712 1288 766 maternam
1308 695 1351 765 ad
1371 697 1455 766 Pasi-

414 816 523 911 phaen
545 817 670 885 Minois
692 840 828 884 uxorem
846 815 989 887 referret.

466 939 527 1009 III.
552 939 716 1031 Imagines
735 951 768 1006 et
787 936 894 1032 elogia
914 939 1059 1007 universi
1083 939 1212 1034 generis
1231 939 1365 1031 exsequi
1386 933 1454 1030 lon·

415 1081 495 1152 gum
513 1071 562 1126 est
584 1083 592 1124 ε
612 1055 745 1126 samiliae
766 1056 912 1126 breviter
927 1059 1098 1154 attingam.
1116 1059 1185 1147 Qui
1206 1057 1334 1152 primus
1353 1055 1456 1152 Sulpi·

415 1179 545 1246 ciorum
564 1201 750 1272 cognomen
768 1175 884 1246 Galbae
900 1175 996 1266 tulit,
1015 1203 1088 1266 cur,
1108 1192 1167 1246 aut
1190 1177 1278 1247 unde
1301 1177 1456 1260 traxerit,

415 1297 606 1392 ambigitur.
634 1294 779 1385 Quidam
803 1309 944 1390 putant,
969 1295 1060 1390 quod
1085 1297 1246 1391 oppidum
1272 1297 1456 1390 Hispania,

414 1416 537 1486 frustra
558 1415 616 1484 diu
634 1430 889 1510 oppugnatum,
909 1413 1000 1484 illitis
1017 1415 1151 1484 demum
1172 1413 1315 1510 galbano
1333 1415 1458 1484 facibus

414 1533 626 1608 succenderit
643 1562 651 1604 :
668 1533 742 1620 alii,
764 1533 855 1630 quod
875 1537 910 1604 in
932 1535 1092 1607 diuturna
1113 1535 1301 1606 valetudine
1324 1535 1456 1632 galbeo‚

414 1657 447 1727 id
468 1671 540 1745 est,
563 1655 717 1728 remediis
733 1655 808 1726 lana
833 1652 1005 1743 involutis,
1026 1655 1157 1726 assidue
1178 1671 1354 1726 uteretur:
1377 1683 1458 1726 non·

415 1776 520 1864 nulli,
536 1775 628 1871 quod
645 1776 848 1871 praepinguis
865 1774 964 1846 fuerit
977 1777 1086 1863 visus,
1103 1801 1201 1870 quem
1216 1776 1354 1872 galbam
1370 1776 1457 1847 Galli

415 1912 558 1984 vocent,
574 1895 626 1964 vel
645 1910 780 1982 contra,
794 1893 886 1989 quod
905 1910 972 1966 tam
990 1894 1104 1982 exilis,
1119 1923 1220 1992 quam
1236 1911 1316 1966 suut
1333 1900 1457 1966 aninm-

414 2019 479 2102 lia,
511 2042 584 2112 quoe
608 2017 641 2086 in
665 2013 793 2088 aesculis
816 2031 1008 2104 nascuntur,
1034 2015 1311 2112 appellanturque
1335 2019 1457 2113 galbae.

414 2135 586 2210 Familiam
600 2134 777 2210 illustravit
787 2137 921 2206 Servius
935 2135 1040 2206 Galba
1057 2135 1256 2223 consularis,
1267 2152 1456 2231 temporum
1546 2165 1547 2192 t

415 2281 553 2328 suorum
573 2270 607 2326 et
624 2253 912 2350 eloquentissimus
934 2282 941 2325 :
966 2281 1067 2350 quem
1090 2255 1245 2344 tradunt,
1264 2259 1458 2352 Hispaniam

416 2404 456 2449 ex
477 2393 621 2472 praetura
641 2376 862 2464 obtinentem,
881 2401 953 2446 xxx
970 2377 1206 2448 Lusitanorum
1224 2375 1370 2446 millibus
1389 2403 1460 2470 per·

415 2498 492 2568 lidia
514 2496 705 2584 trucidatis,
727 2496 908 2566 Viriathini
933 2493 1012 2566 belli
1029 2521 1161 2568 causam
1181 2499 1354 2568 exstitisse.
1379 2501 1460 2592 Ejus

371 2681 375 2690 .
415 2643 536 2714 nepos,
559 2617 603 2688 ob
627 2613 793 2710 repulsam
814 2613 1006 2686 consulatus
1031 2615 1179 2691 infensus
1202 2616 1292 2686 lulio
1315 2619 1459 2704 cesari,

413 2741 510 2834 cujus
531 2737 658 2834 legatus
679 2738 713 2806 in
736 2735 847 2806 Gallia
867 2735 992 2824 fuerat,
1010 2738 1215 2831 conspiravit
1239 2761 1317 2808 cum
1343 2739 1461 2808 Cassio

412 2875 444 2930 et
460 2863 565 2930 Bruto
580 2885 588 2926 ε
604 2871 741 2952 propter
753 2855 842 2950 quod
856 2855 954 2926 Pedia
974 2853 1045 2952 lege
1062 2855 1238 2927 damnatus
1251 2871 1310 2928 est.
1325 2857 1379 2928 Ab
1396 2859 1461 2928 hoc

414 2995 493 3052 sunt
509 2971 717 3073 imperatoris
734 2976 850 3048 Galbae
867 3002 948 3046 avus
968 2991 999 3048 et
1017 2991 1121 3072 pater.
1141 2980 1235 3048 Avus
1251 2976 1373 3052 clarior
1394 2993 1462 3048 stu-

414 3101 477 3170 diis
487 3124 588 3194 quam
602 3097 784 3194 dignitate:
798 3107 865 3166 no'u
879 3098 968 3166 enim
980 3121 1131 3192 egressus
1140 3113 1291 3192 praeturas
1301 3098 1461 3193 gradum,

415 3217 635 3314 multiplicem
651 3243 713 3290 nec
729 3219 929 3288 incuriosam
949 3217 1121 3290 historiam
1138 3217 1252 3288 edidit.
1265 3221 1366 3288 Pater
1383 3243 1462 3288 con-

413 3339 521 3410 sulatu
542 3339 696 3428 functus,
717 3333 920 3433 quamquam
943 3339 1035 3410 brevi
1057 3363 1214 3434 corpore,
1237 3352 1338 3432 atque
1358 3340 1460 3408 etiam

412 3461 541 3557 gibber,
565 3459 771 3554 modicaque
793 3459 828 3527 in
852 3457 993 3529 dicendo
1014 3457 1200 3544 facultatis,
1220 3482 1336 3528 causas
1357 3458 1461 3528 iudu-

414 3582 494 3650 strie
523 3581 682 3650 actitavit.
713 3583 847 3650 Uxores
879 3579 998 3649 habuit
1030 3579 1230 3649 Mummiam
1258 3579 1462 3666 Achaicam,

413 3715 546 3795 neptem
563 3698 693 3788 Catuli,
713 3713 910 3795 proneptem
927 3701 966 3768 L.
985 3698 1160 3788 Mummii,
1179 3699 1238 3792 qui
1255 3699 1460 3768 Corinthum

413 3819 535 3890 excidit
561 3845 569 3888 ι
595 3821 676 3890 item
700 3819 830 3888 Liviam
859 3816 1065 3907 Ocellinam,
1090 3816 1192 3887 ditem
1220 3816 1403 3888 admodum
1426 3833 1463 3888 et

412 3939 607 4034 pulchram:
623 3963 722 4033 aqua
738 3953 849 4008 tamen
870 3938 1051 4010 nobilitatis
1068 3947 1166 4008 causa
1183 3939 1351 4034 appetitus
1367 3937 1460 4008 ultro

413 4061 629 4149 existimatur,
646 4074 679 4128 ct
697 4057 868 4153 aliquanto
889 4060 1037 4144 enixius,
1057 4073 1234 4154 postquam
1253 4057 1395 4129 subinde
1413 4061 1459 4128 in·
