3164 5442
507 490 548 546 IN
568 488 798 545 CALIGULAM.
1107 491 1162 557 249

138 623 200 661 cere
214 603 362 672 Tiberius,
376 621 410 658 ex
424 602 534 658 Philon.
553 605 620 677 Leg.
635 603 678 655 ud
687 602 802 669 Caium,
816 618 843 672 p.
857 598 924 672 996.
935 601 1026 670 Quem
1041 597 1166 656 tabulam

138 714 173 751 ex
186 694 300 768 ingenio
313 704 407 748 texere
422 694 463 750 Cl.
479 695 555 749 uase
566 693 682 764 judicat.
719 715 725 726 ·

178 788 335 843 decideret.
348 788 384 842 Η.
395 805 418 841 e.
433 787 457 841 si
470 797 638 841 moreretur.

181 893 246 948 ce».
265 877 378 946 xxlv!
397 891 579 946 Collocutm
599 890 704 957 Tacit,
720 891 842 953 Auual„
857 907 905 957 ur,
924 889 957 945 15
979 908 985 942 :
1007 889 1106 946 «Huic
1121 889 1168 964 (sc.

140 985 174 1041 1.
195 979 302 1058 Cassio)
322 981 489 1052 Drusillam,
506 981 617 1036 Vicinio
638 980 754 1050 Juliam,
768 978 936 1034 Germanico
956 979 1076 1054 genitas,
1101 997 1171 1034 con·

145 1074 194 1128 'un
215 1073 269 1127 'tn

140 1092 153 1146 J
184 1091 255 1218 Ιιὲιιιὶι.
273 1164 391 1234 Seneca,
406 1164 514 1218 consol.
535 1165 578 1217 ud
597 1163 839 1233 Polyb.,xxxv1:
859 1160 988 1215 «Eodem
1006 1161 1085 1215 enim*
1101 1172 1174 1216 tem-

143 1274 216 1330 pore
230 1273 290 1328 quo
304 1256 407 1328 templa
421 1254 461 1308 illi
474 1253 522 1329 (sc.
532 1253 669 1326 Drusillae)
684 1253 873 1309 constituebat
887 1269 920 1307 ac
932 1252 1104 1324 pulvinaria,
1114 1271 1175 1324 eos,

145 1348 198 1423 qui
210 1365 312 1421 parum
320 1346 411 1401 moesti
420 1346 544 1416 inerant,
559 1344 747 1400 crudelissima
755 1343 896 1400 afficiebat
905 1343 1155 1400 animadversione.
1163 1369 1176 1394 ι

187 1452 338 1507 Promisso.
348 1451 463 1518 Seneca,
476 1451 494 1504 l.
506 1468 529 1504 c.
546 1469 553 1503 ι
569 1474 580 1498 «ι
594 1450 673 1505 Idem
686 1449 733 1506 ille
747 1448 844 1518 Caius,
858 1447 963 1504 furiosa
976 1447 1177 1519 inconstantia,

144 1543 234 1598 modo
253 1543 371 1598 barbam
393 1541 582 1614 capillumque
604 1539 793 1610 summittens,
813 1537 901 1594 modu
922 1538 1006 1594 ltalia
1028 1557 1061 1594 ac
1080 1539 1179 1594 Sicilire

146 1652 212 1690 oras
225 1632 403 1689 errabundus
415 1631 599 1704 permetiens,
617 1642 645 1686 et
664 1649 810 1705 nunquam
829 1629 894 1686 satis
914 1639 1006 1686 certus
1026 1640 1121 1685 utrum
1134 1631 1180 1686 lu-

147 1726 209 1800 geri
221 1727 318 1792 vellet,
332 1742 368 1778 au
382 1723 438 1779 coli
451 1741 612 1779 sororem.»

192 1819 250 1872 Per
261 1835 363 1870 numen
376 1816 523 1870 Drusilloe.
542 1815 616 1883 Dio,
634 1831 700 1884 uix,
710 1833 740 1888 p.
755 1813 812 1882 648
831 1833 839 1868 a
857 1817 1074 1876 revelluntur
1087 1844 1114 1875 τι
1126 1827 1182 1876 ὥνι-

148 1919 253 1987 μὲζιτο,
270 1914 312 1968 καὶ
325 1923 400 1984 τιμῶν
412 1911 544 1984 δαιμονίων
560 1917 583 1966 ἂν
601 1917 694 1974 πάσαις
707 1935 762 1974 ταις
772 1917 870 1966 nolimu
885 1914 986 1975 ἠξιοῦτο.

191 2013 314 2069 Sorores.
333 2013 442 2085 Nempe
455 2010 644 2085 Agrippinam
658 2021 686 2066 et
701 2011 837 2066 Liuillain.

192 2104 304 2178 Elogr‘o.
319 2104 355 2158 Η.
370 2121 393 2158 e.
408 2101 591 2176 inscriptione
605 2121 661 2174 qua
681 2101 835 2156 notabatur
850 2103 1071 2158 consecrationis
1088 2123 1184 2178 causa,

149 2205 224 2251 auct.
244 2195 402 2250 Casaubon.

194 2300 259 2355 Car.
275 2300 370 2354 XXV.
389 2295 466 2352 Dies.
481 2298 552 2367 Dio,
566 2316 629 2367 ux,
643 2317 672 2371 p.
688 2298 746 2365 646
760 2318 768 2353 t
783 2307 841 2376 Πρὶν
862 2303 906 2359 δύο
919 2315 994 2377 μῆνας
1008 2309 1115 2370 liutadi.

192 2392 343 2465 Relfgavt'l.
358 2390 451 2458 Idem,
465 2390 483 2443 l.
498 2407 521 2444 c.
538 2389 709 2468 ἷᾸμφοιίρους
725 2403 785 2468 σφᾶς
802 2399 907 2468 stupeat.

193 2495 360 2548 Muudusse,
375 2495 395 2548 l.
411 2512 436 2548 e.
445 2494 565 2562 misisse,
578 2495 628 2568 qui
637 2494 744 2550 diceret
757 2495 890 2550 Pisoni...
904 2497 948 2550 De
957 2515 1010 2551 usu
1019 2498 1187 2554 latinircrbi

152 2586 294 2640 mundare
311 2585 366 2640 hoe
380 2603 478 2653 sensu,
494 2584 536 2640 cf.
560 2586 757 2654 Furtumne,
777 2585 836 2639 ind.
854 2586 944 2655 Flori,
962 2597 991 2641 et
1014 2589 1130 2644 Durus.
1149 2591 1191 2644 ad

75 2695 79 2704 ·
152 2677 247 2742 Flon,
265 2694 321 2746 ιιι,
336 2677 370 2746 3,
384 2675 411 2731 6.

195 2769 309 2823 Romuli
320 2779 349 2822 et
364 2769 493 2843 Augusti.
503 2767 642 2822 Romulus
651 2769 803 2822 Hersiliam
817 2778 926 2840 raptam
941 2769 1023 2823 duxit
1036 2724 1192 2845 (Plutarch.-

151 2858 185 2914 in
199 2860 308 2916 Romul.
315 2899 325 2927 ,
340 2877 370 2933 p.
386 2855 444 2936 26),
459 2863 603 2934 Augustus
617 2869 711 2913 autem
723 2859 841 2914 Liviam
856 2859 929 2915 Vide
947 2863 1023 2935 Aug.
1031 2900 1042 2928 ‚
1061 2881 1134 2918 uxu.

196 2951 321 3006 lollium
345 2951 645 3023 pertaesumque
667 2950 709 3006 Cf.
732 2951 854 3020 Tucim,
879 2954 1003 3018 Annal,
1029 2971 1090 3022 ιιι,
1114 2966 1189 3023 1,et

153 3045 253 3110 Palu,
270 3043 305 3096 Η,
321 3043 373 3107 Ν.,
389 3060 439 3112 rx,
455 3039 500 3097 35.

197 3133 353 3188 consulari.
369 3134 474 3190 Consul
492 3132 546 3186 t'uit
562 3134 595 3186 Α.
610 3134 645 3188 U.
665 3133 731 3203 784.

195 3224 375 3279 Perductum.
390 3226 425 3280 ll.
439 3243 463 3280 e.
478 3223 601 3296 turpiter
615 3224 756 3280 traditam.

196 3313 282 3368 Fecit.
299 3315 417 3383 zonam,
433 3317 539 3368 Amal.
548 3353 557 3379 ,
574 3332 611 3384 ιι,
624 3332 653 3387 p.
673 3333 729 3387 179
744 3333 751 3368 t
765 3324 828 3375 Τότι
838 3320 868 3374 dl
883 3321 991 3376 tututlu
1001 3327 1045 3380 τὴν
1060 3327 1192 3390 Ηιιυλίναν,

116 3415 120 3422 ’
154 3412 278 3482 προφάσιι
299 3414 342 3482 μὶν
362 3416 391 3472 ὥς
407 3416 441 3483 μὴ
454 3415 597 3465 τίκτουσαι·
613 3415 641 3465 τὸ
662 3409 692 3466 dl
705 3415 802 3478 butu,
816 3416 853 3466 ὅτι
865 3411 982 3486 διακορὴς
991 3417 1065 3474 αὐτῆς
1081 3419 1192 3486 ἆγιγόνιι.

198 3510 264 3564 Car.
275 3511 397 3565 xxvll.
412 3511 524 3585 Elegio.
539 3513 574 3566 Η.
585 3530 626 3580 e.,
641 3511 737 3567 libello
749 3514 821 3568 male
835 3511 975 3568 laetorum
988 3513 1094 3584 indice,
1109 3533 1192 3588 quem

155 3599 249 3657 Greci
262 3611 366 3656 vocant
378 3611 589 3680 uupuoupsiuutu.

197 3706 227 3759 A
240 3707 319 3759 calvo
331 3707 373 3759 ad
384 3708 502 3760 calvum.
517 3710 613 3777 Quum
626 3719 842 3784 recognosceret
856 3709 1013 3780 custodias,
1027 3709 1056 3763 in
1070 3690 1194 3784 utroque

156 3805 398 3870 congregatorum
414 3797 604 3854 multitudinis
616 3799 717 3869 latere,
735 3801 819 3855 calvis
834 3801 1007 3872 conspectis,
1027 3801 1110 3872 jussit
1129 3821 1193 3858 car-

157 3883 258 3942 nifices
280 3887 385 3945 ducere
401 3887 438 3945 ad
460 3891 631 3963 supplicium
652 3910 763 3962 omncs,
783 3893 946 3966 incipiendo
967 3892 1003 3947 ab
1022 3911 1082 3946 uno
1102 3895 1195 3962 calvo,

158 3977 212 4053 qui
228 3979 420 4052 eratprimus,
435 3981 473 4037 ad
487 3984 607 4038 alterum
620 3984 746 4052 calvum,
759 3983 810 4056 qui
825 3993 883 4038 erat
899 3982 1075 4038 novissimus.
1090 3986 1147 4041 Res
1166 3987 1193 4038 in

159 4070 346 4143 proverbium
364 4072 440 4128 abiit.
460 4074 503 4129 Cf.
516 4076 622 4143 Dion,
642 4094 704 4142 uix,
718 4095 747 4146 p.
763 4075 829 4144 657.
