3114 5446
1031 508 1083 568 atr

123 631 207 698 lllll.
229 629 308 696 Non
331 627 493 696 immerito
512 627 600 694 inter
624 623 806 718 spectacula
829 625 870 692 ab
889 647 928 692 eo
949 623 1036 696 edita
1056 643 1088 696 et

48 819 51 830 ,
86 745 222 816 Tiridatis
243 747 278 814 in
296 745 422 814 Urbem
437 746 607 814 introitum
620 743 798 812 retulerim.
809 745 916 832 Quem
926 747 1088 814 Armenia

86 889 178 960 τεςεω
188 915 200 954 ,
217 867 345 960 magnis
362 863 650 958 pollicitationibus
668 861 891 950 sollicitatum,
911 887 1013 956 quum
1034 863 1088 932 de·
1229 857 1232 864 ’

88 985 191 1052 stinato
201 1009 262 1078 per
276 984 418 1054 edictum
432 985 486 1053 die
502 999 692 1054 ostensurus
709 983 833 1078 populo
847 999 981 1078 propter
998 985 1090 1056 nubi·

87 1101 144 1169 lum
164 1084 363 1190 distulisset,
381 1102 554 1197 produxit,
572 1127 639 1195 quo
662 1104 936 1196 opportunissime
960 1106 1090 1197 potuit,

88 1219 238 1314 dispositis
252 1222 340 1290 circa
361 1221 438 1290 Fosi
458 1219 579 1315 templu
602 1221 734 1289 armatis
759 1221 965 1308 cohortibus,
986 1221 1091 1290 curuli

88 1338 218 1406 residens
242 1338 330 1431 apud
353 1343 471 1408 Rostra
490 1341 721 1433 triumphantis
739 1339 873 1426 habitu,
891 1341 976 1408 inter
999 1342 1093 1434 signa

87 1456 227 1526 militaria
246 1457 538 1551 atqueverillazet
555 1461 663 1552 primo
676 1484 736 1553 per
753 1458 910 1528 devexum
929 1457 1092 1552 pulpitum

88 1575 268 1645 subeuntem
303 1576 434 1646 admisit
465 1577 507 1646 sd
546 1603 669 1672 genua,
706 1577 943 1670 allevatumque
982 1577 1095 1646 dextra

88 1693 284 1764 exosculatus
301 1709 369 1782 est3
385 1694 461 1763 dein
480 1698 646 1788 precanti,
665 1696 750 1766 tiara
772 1695 909 1764 deducta
919 1747 929 1783 ,
946 1695 1095 1764 diadema

87 1811 251 1904 imposuit,
285 1813 385 1880 verba
417 1812 572 1906 supplicis
605 1814 816 1906 interpretata
847 1817 998 1906 praetorio
1024 1814 1095 1882 viro

88 1928 282 1998 multitudini
297 1932 544 2023 pronunciante.
556 1930 755 2000 Perductum
774 1931 849 2000 inde
863 1932 897 1998 in
915 1931 1095 2017 theatrum,
1141 1979 1146 1992 ι

86 2072 118 2115 ac
135 2072 248 2116 rursus
265 2047 523 2141 supplicantem,
537 2050 629 2141 juxta
653 2073 687 2118 se
709 2048 809 2117 latere
825 2048 939 2118 dextro
957 2047 1095 2118 colloca·

88 2165 137 2234 vit.
146 2167 199 2235 Ob
214 2190 289 2257 quae
300 2167 478 2260 imperator
486 2165 721 2252 consalutatus,
732 2165 841 2236 laurea
853 2169 887 2234 in
898 2165 1096 2264 Capitolium

87 2281 153 2352 lata.
176 2288 298 2354 Janum
325 2285 489 2378 geminum
514 2283 651 2374 clausit,
670 2300 825 2377 tunquam
850 2283 943 2356 nullo
965 2285 1097 2354 residuo

86 2399 174 2472 bello.

127 2523 217 2590 XIV.
231 2521 432 2591 Consulatus·
445 2538 587 2615 quatuor
604 2524 723 2616 gessit:
738 2525 881 2615 primum
899 2524 1102 2607 bimestrem,

86 2640 261 2708 secundum
278 2655 311 2708 et
332 2643 542 2710 novissimum
562 2655 748 2726 semestres,
768 2642 900 2708 tertium
917 2640 1109 2738 quadrimo-¹

86 2770 179 2826 strem
199 2758 351 2827 :medios
374 2758 457 2828 duos
475 2759 698 2846 continuavit;
722 2756 864 2849 reliquos
886 2759 971 2826 inter
994 2782 1104 2826 annua

87 2877 187 2968 spatia
200 2877 349 2946 variavit.

128 3000 204 3066 XV.
223 3001 262 3066 In
277 2997 502 3090 jurisdictione
517 2997 790 3093 postulatoribus,
801 2998 863 3065 nisi
874 2998 1022 3089 sequenti
1036 2997 1105 3082 die,

86 3137 191 3208 seper
200 3113 341 3202 libellos,
350 3139 417 3184 nou
429 3131 548 3186 temere
557 3115 735 3210 respondit.
745 3113 971 3208 Cognoscendi
981 3138 1105 3182 morem

85 3257 158 3302 eum
174 3236 304 3322 tenuit,
319 3249 374 3324 ut,
388 3236 553 3305 continuis
570 3235 753 3304 actionibus
767 3233 909 3318 omissis,
919 3230 1107 3326 singillatim

84 3375 222 3446 queque
233 3377 294 3448 per
307 3355 393 3422 vices
405 3353 524 3448 ageiet.
532 3354 670 3442 Quoties
684 3366 793 3420 autem
805 3350 846 3418 ad
857 3348 1106 3420 consultandum

85 3471 272 3559 meteret,
293 3451 400 3565 nimus
415 3473 448 3540 in
466 3495 640 3542 commune
657 3471 846 3563 quicquam,
862 3493 967 3560 nsque
990 3491 1109 3560 propa-

84 3587 148 3657 lam
157 3589 383 3679 deliberabam
397 3589 454 3660 sed
465 3592 665 3682 conscriptas
673 3589 714 3657 ab
727 3610 925 3680 unoquoque
935 3585 1110 3654 sententias

85 3710 207 3778 tacitus
240 3733 280 3778 ac
299 3723 425 3778 secreto
452 3709 581 3804 legens,
600 3707 689 3801 qnod
717 3707 777 3775 sibi
796 3705 960 3788 libuisset,
977 3700 1111 3796 perinde

84 3841 185 3919 atque
202 3826 353 3922 pluribus
369 3827 457 3896 idem
471 3827 648 3914 videretur,
662 3825 908 3919 pronunciabat.
921 3824 961 3889 ln
976 3821 1110 3890 Curiam

83 3942 321 4016 libertinorum
334 3944 420 4014 lilios
433 3944 490 4015 diu
507 3971 574 4014 non
589 3944 719 4014 admisit
734 3969 742 4012 ε
757 3943 903 4011 admissis
919 3938 1112 4032 aptioribus
1209 3953 1214 3960 '

83 4065 296 4156 principibus
322 4065 462 4134 bonores
488 4065 672 4160 denegavit.
691 4061 911 4148 Candidatus,
937 4058 993 4150 qui
1016 4078 1114 4149 supra

209 4210 232 4256 1.
932 4174 974 4245 16
