3108 5434
413 509 600 566 ocravrns
621 510 824 566 incussus.
1101 509 1138 583 9³

108 646 158 698 est
179 655 187 696 :
208 633 255 698 nt.
285 634 450 702 Antonius
475 631 687 725 adoptionem
714 631 867 700 avunculi
897 647 1012 726 stupro
1041 635 1139 702 meri·

109 766 176 818 tum
197 774 205 816 :
226 749 307 820 item
327 751 464 838 Lucius,
481 753 585 820 Marci
603 752 718 838 frater,
737 755 830 844 quasi
849 751 1042 845 pudicitiam
1058 751 1140 820 deli-

108 869 216 938 batam
232 893 254 936 a
270 871 414 957 Caesare,
432 873 471 940 A.
492 872 591 941 etiam
611 873 719 940 Hirtio
738 873 772 939 in
789 872 947 966 Hispania
964 895 1024 942 ccc
1042 870 1139 940 milli-

111 987 170 1056 bus
184 989 360 1056 nummdm
375 990 602 1077 substraverit,
616 987 798 1082 solitusque
812 991 855 1058 sit
870 1015 968 1059 crura
984 991 1141 1058 suburere

111 1131 193 1176 nuce
210 1106 359 1194 ardenti,
378 1133 445 1201 quo
464 1107 596 1178 mollior
615 1107 702 1203 pilus
723 1125 882 1204 surgeret.
903 1109 1016 1178 Sedet
1036 1133 1141 1203 popu-

112 1225 160 1294 lus
179 1227 353 1318 quondam
370 1229 543 1300 universus
559 1228 713 1298 ludorum
731 1229 798 1315 dic,
816 1244 848 1297 ct
867 1231 993 1323 accepit
1010 1229 1044 1296 in
1064 1253 1142 1296 con·

113 1343 281 1414 tumeliam
308 1345 397 1438 ejus,
424 1361 457 1414 et
484 1371 615 1416 assensu
643 1349 786 1416 maximo
816 1349 1044 1442 comprobavit
1069 1370 1143 1414 ver·

113 1487 201 1549 sum,
225 1464 260 1530 in
284 1487 382 1532 scena
406 1467 679 1556 pronunciatum,
705 1465 746 1533 de
770 1465 868 1536 Gallo
897 1467 1012 1534 matris
1044 1466 1141 1534 desim

114 1585 372 1678 tympanizante,

224 1773 339 1842 Viden’,
355 1784 384 1829 ut
399 1773 521 1832 cinaedus
537 1775 636 1832 orbem
654 1775 744 1850 digito
760 1778 915 1852 temperat?
955 1801 960 1810 =

156 1945 282 2013 LXIX.
308 1941 477 2012 Adulteria
490 1943 623 2038 quidem
637 1947 834 2032 exercuisse,
846 1973 888 2016 ne
900 1948 996 2016 amici
1010 1947 1144 2040 quidem

116 2076 251 2158 negant3
267 2077 459 2132 excusantes
476 2089 570 2151 saue,
587 2090 654 2134 non
671 2064 822 2152 libidine,
837 2067 894 2134 sed
910 2069 1040 2136 ratione
1057 2091 1146 2136 com·

118 2185 227 2268 missa,
247 2206 317 2274 quo
337 2179 463 2250 facilius
480 2182 615 2252 consilia
633 2183 894 2254 adversariorum
910 2206 970 2279 pa·
986 2187 1145 2280 cujusque

118 2299 270 2370 mulieres
293 2303 488 2394 exquireret.
507 2305 555 2372 M.
577 2305 759 2391 Antonius,
780 2327 880 2400 super
899 2304 1065 2374 festinatas
1088 2306 1146 2374 Li-

119 2421 173 2488 viae
192 2421 347 2513 nuptias,
368 2419 489 2514 objecit
507 2435 539 2489 et
559 2421 714 2490 feminam
735 2421 942 2492 consularem
963 2448 982 2492 e
1001 2422 1146 2492 triclinio

119 2541 176 2608 viri
187 2563 303 2610 eoram
316 2542 350 2608 in
363 2539 552 2608 cubiculum
565 2541 756 2627 abductam,
768 2567 882 2611 rursus
896 2544 930 2610 in
942 2544 1146 2630 convivium,

117 2659 313 2728 rubentibus
332 2658 506 2746 auriculis,
527 2660 720 2730 incomtiore
743 2659 881 2754 capillo,
905 2660 1092 2746 reductam;
1112 2677 1145 2730 et

118 2777 286 2849 dimissam
315 2779 536 2866 Scriboniam,
564 2782 642 2872 quia
670 2778 804 2848 liberius
828 2779 986 2848 doluisset
1013 2781 1148 2848 nimiam

120 2900 303 2989 potentiam
322 2896 466 2992 pellicis;
485 2912 519 2967 et
539 2899 742 2975 conditiones
761 2901 911 2991 quaesitas
930 2923 990 2991 per
1009 2899 1148 2984 amicos,

117 3019 175 3109 qui
190 3016 454 3086 matresfamilias
468 3031 500 3086 et
513 3017 641 3087 adultas
655 3031 748 3087 aetate
763 3020 907 3112 virgines
924 3018 1148 3106 denudarent,

117 3151 216 3229 atque
245 3139 491 3230 perspicerent,
522 3151 680 3230 tanquam
708 3139 852 3207 Toranio
878 3162 1041 3232 mangone
1069 3163 1149 3206 ven-

116 3253 226 3323 dente
251 3255 375 3324 Scribit
398 3254 560 3324 etiamad
583 3257 690 3350 ipsum
712 3257 775 3324 hoc
797 3255 1000 3324 familiariter
1023 3255 1149 3336 adhuc,

117 3375 259 3442 necdum
280 3371 376 3468 plane
396 3375 563 3461 inimicus,
581 3389 637 3442 aut
656 3374 758 3444 hostis
777 3401 785 3442 :
802 3374 921 3464 «Quid
940 3390 971 3442 te
986 3375 1151 3443 mutavit?

116 3492 207 3583 quod
222 3493 369 3587 reginam
383 3492 478 3561 ineo?
490 3519 574 3562 uxor
585 3520 658 3562 mea
673 3509 732 3562 est.
748 3497 846 3564 Nunc
860 3495 959 3588 coepi,
973 3519 1014 3561 an
1029 3494 1150 3562 abhinc

115 3636 224 3680 annos
244 3611 383 3680 novem?
401 3626 438 3680 tu
458 3613 576 3681 deinde
596 3611 700 3682 solam
720 3611 902 3682 Drusillam
923 3611 1007 3680 inis?
1027 3613 1079 3680 ita¹
1093 3637 1151 3680 va·

115 3727 202 3818 leas,
226 3730 275 3800 uti
301 3745 357 3816 tu,
383 3731 469 3799 hanc
490 3729 661 3826 epistolam
686 3756 789 3826 quum
814 3730 919 3825 leges,
944 3757 1012 3800 non
1039 3733 1150 3799 inieris

113 3847 317 3937 Tertullam,
337 3865 393 3919 aut
412 3816 641 3935 ferentillam,
660 3866 718 3920 aut
735 3849 913 3936 Rufillam,
930 3866 988 3918 aut
1007 3849 1149 3919 Salvium

112 3969 348 4058 Titisceniam,
368 3983 427 4038 aut
448 3994 569 4043 omues.
593 3974 688 4042 Anne
710 3972 829 4060 refert,
856 3971 912 4039 ubi
935 3983 967 4038 et
993 3971 1026 4038 in
1051 3994 1149 4062 quam

114 4087 292 4182 arrigasla
