3108 5434
546 446 727 500 TIBERIUS.
1088 443 1141 510 143

122 565 174 632 vir
191 579 225 632 ut
240 563 354 632 referri
375 565 543 654 audirive,
559 568 680 638 nedum
698 567 785 636 credi
803 567 850 636 sas
867 569 909 636 sit
926 593 934 636 ε
950 570 1043 662 quasi
1061 595 1143 664 pue-

121 708 171 752 ros
185 685 297 777 prime
313 685 562 772 teneritudinis,
585 711 667 778 quos
681 685 858 781 pisciculos
874 687 1030 775 vocabat,
1049 689 1142 756 insti-

122 817 241 888 tueret,
256 817 294 872 ut
309 806 435 876 natanti
450 805 512 874 sibi
525 806 612 874 inter
626 806 749 874 femina
759 821 983 894 versarentur,
1000 831 1038 876 ac
1054 805 1143 874 lude·

121 937 203 1008 rent,
219 921 332 1018 lingua
349 947 526 1016 morsuque
542 927 662 994 sensim
679 938 881 1018 appetentes,
905 939 1003 1017 atque
1027 926 1142 1011 etiam,

120 1043 205 1134 quasi
224 1041 366 1110 infantes
384 1042 563 1129 firmiores,
583 1043 724 1115 necdum
739 1057 849 1112 tamen
869 1041 952 1112 lacte
970 1041 1142 1137 depulsos,

120 1163 258 1255 inguini,
275 1185 335 1230 ceu
351 1160 494 1256 papillae,
511 1161 717 1250 admoveret,
738 1163 875 1258 pronior
890 1186 968 1232 sane
983 1161 1025 1230 ad
1043 1162 1078 1230 id
1092 1187 1144 1255 ge·

119 1305 173 1349 uus
191 1279 340 1348 libidinis
357 1295 390 1349 et
405 1295 522 1349 natura
537 1294 570 1348 et
583 1295 685 1350 atate.
705 1282 817 1370 Quare
833 1281 996 1350 Parrhasii
1012 1305 1143 1373 quoque

120 1399 280 1488 tabulam,
297 1401 332 1467 iu
346 1425 411 1492 qua
422 1397 590 1493 Meleagro
602 1398 755 1470 Atalanta
770 1423 828 1468 ore
843 1399 1078 1493 morigeratur,
1096 1399 1143 1467 le-

119 1534 224 1613 gatam
237 1520 302 1586 sibi
314 1519 374 1587 sub
386 1518 588 1614 conditione,
601 1533 656 1603 ut,
667 1519 693 1586 si
704 1532 897 1612 argumento
911 1516 1143 1602 offenderetur,

116 1637 221 1706 decies
236 1663 300 1732 pro
319 1662 357 1706 aa
375 1639 558 1708 sestertium
579 1637 759 1732 acciperet,
776 1661 844 1706 non
864 1636 964 1706 modo
979 1635 1141 1730 praetulit,

115 1757 166 1824 sed
181 1771 217 1825 et
230 1757 267 1824 in
280 1755 432 1826 cubiculo
448 1757 620 1826 dedicavit.
635 1759 754 1824 Fertur
767 1757 866 1824 etiam
882 1757 915 1823 in
928 1755 1142 1824 sacrificando
1216 1813 1220 1822 ,

114 1876 297 1968 quondam,
327 1891 438 1969 captus
466 1877 550 1946 facie
579 1876 720 1945 ministri
751 1899 897 1944 acerram
925 1874 1142 1968 preferentis,

114 1995 266 2089 nequisse
292 1995 468 2081 abstinere,
492 1997 589 2087 quin,
609 2018 702 2087 paene
721 1993 859 2062 vuixdum
879 2017 915 2062 re
935 1993 1047 2062 divina
1068 2018 1141 2086 per·

114 2131 205 2202 acta,
230 2113 356 2184 ibidem
379 2115 487 2182 statim
512 2113 682 2182 seduetum
705 2126 954 2206 constupraret,
980 2111 1141 2206 simulque
1195 2189 1199 2198 ‚

112 2232 247 2303 fratrem
263 2236 335 2327 ejus
350 2233 534 2317 tibicinem;
549 2247 648 2325 atque
666 2233 797 2325 utrique
812 2257 907 2320 mox,
921 2231 1011 2326 quod
1026 2246 1140 2302 mutuo

113 2353 273 2448 flagitium
286 2355 647 2450 exprobrarantscrura
665 2351 809 2444 fregisse.

156 2476 264 2544 XLV.
291 2477 501 2544 Feminarum
516 2497 664 2568 quoque,
685 2475 866 2568 etquidem
884 2473 1076 2561 illustrium,
1091 2500 1141 2542 ca-

112 2594 236 2684 pitibus
252 2610 379 2687 quanto
396 2619 518 2688 opere,
529 2592 645 2664 solitus
664 2596 707 2664 sit
723 2593 877 2678 illudere,
898 2593 1139 2662 evidentissime

112 2715 266 2806 apparuit
288 2712 453 2782 Malloniae
479 2713 649 2807 cujusdam
673 2715 779 2800 exitu,
804 2733 905 2804 quam
926 2710 1137 2804 perductam,

110 2835 334 2926 etquicquam
362 2832 502 2926 amplius
529 2835 598 2927 pati
624 2833 885 2904 constantissime
913 2845 1140 2916 recusantem,

111 2952 315 3022 delatoribus
332 2953 468 3045 objecit3
483 2977 522 3021 ac
538 2977 581 3021 ne
596 2977 685 3021 ream
705 2950 840 3044 quidem
858 2948 1068 3044 interpellare
1084 2949 1140 3020 de-

108 3073 177 3157 siit,
198 3071 359 3163 «Ecquid
384 3073 555 3164 poeniteret
572 3097 614 3140 rr
643 3071 747 3139 donec
773 3095 828 3158 ea,
854 3069 969 3139 relicto
992 3071 1136 3164 judicio,

109 3192 244 3260 domurn
259 3216 294 3260 se
310 3191 472 3284 abripuit,
486 3170 642 3284 ferroque
651 3192 831 3285 transegit,
847 3190 1059 3259 obscoenitate
1071 3193 1138 3258 oris

108 3311 238 3380 hirsuto
259 3326 360 3404 etipse
373 3310 463 3380 olido
480 3311 549 3380 seni
569 3309 657 3378 clara
673 3311 878 3405 exprobrata.
898 3309 995 3379 Unde
1011 3325 1090 3378 nota
1104 3311 1138 3377 in

110 3430 293 3501 Atellanico
315 3429 450 3516 exodio,
470 3431 627 3524 proximis
650 3429 737 3498 ludis
764 3453 896 3497 assensu
921 3430 1064 3496 maximo
1083 3453 1138 3496 ex·

108 3564 219 3645 cepta,
240 3551 468 3644 percrebruit:
486 3551 653 3618 «Hircum
672 3547 819 3618 vetulum
840 3549 966 3642 capreis
984 3561 1135 3614 naturam

108 3665 285 3762 ligurire.»

152 3791 276 3857 XLVI.
297 3791 449 3858 Pecuniae
467 3811 585 3884 parcus
601 3813 641 3858 ac
661 3803 774 3876 tenax,
793 3790 926 3856 comites
943 3785 1135 3879 peregrinu-

108 3911 241 3976 tionum
257 3911 568 4004 expeditionumque
584 3933 756 4002 nunquam
772 3906 903 3994 salario,
919 3905 1048 3974 cibariis
1062 3918 1134 3971 tan-

106 4042 199 4113 tum,
215 4031 421 4115 sustentavit3
440 4053 507 4097 uua
525 4030 624 4098 modo
641 4025 852 4110 liberalitate,
874 4049 915 4093 ex
933 4021 1136 4116 indulgentia
