3114 5446
592 485 702 544 NERO.
1098 473 1154 560 alp

131 617 277 672 mentum
300 623 504 677 menstruum
531 611 720 700 gratuitum.
741 613 784 678 Et
804 633 906 702 quum
931 609 972 676 dc
992 607 1151 704 supplicio

129 721 299 813 cujusdam
314 726 420 819 capite
437 727 601 820 damnati,
620 741 657 794 ut
674 751 712 795 ex
734 751 827 796 more
842 727 1079 816 subscriberet,
1093 727 1152 796 ad·

131 855 340 911 moneretur:
356 846 493 934 «Quam
505 843 664 929 vellem‚»
677 845 803 938 inquit,
818 874 835 909 a
848 845 972 914 nescire
985 843 1127 914 litteras!
1137 877 1153 910 n

129 961 253 1026 Omnes
279 959 396 1030 ordine
422 962 561 1034 subinde
580 987 619 1034 ac
639 965 826 1034 memoriter
848 962 1012 1039 salutavit.
1034 967 1152 1059 Agenti

131 1078 255 1146 senatui
276 1081 395 1173 gratias
410 1081 580 1175 respondit
598 1107 607 1151 e
625 1085 768 1171 «Quum
784 1105 977 1152 meruero.»
994 1082 1046 1152 Ad
1064 1103 1153 1152 cam·

130 1209 252 1286 postres
270 1199 517 1270 exercitationes
537 1225 611 1270 suas
624 1201 754 1274 admisit
771 1215 804 1270 et
817 1200 945 1295 plebem
968 1217 976 1269 t
997 1197 1154 1270 declama·

129 1314 240 1407 vitque
256 1318 374 1411 sapius
390 1317 519 1412 publice
537 1344 545 1388 :
560 1321 712 1390 recitavit
734 1333 769 1390 et
786 1321 951 1398 carmina,
967 1343 1035 1388 non
1053 1319 1153 1388 modo

129 1430 237 1522 domi,
257 1433 314 1504 sed
333 1437 368 1504 in
386 1437 534 1527 theatro,
552 1451 643 1508 tanta
658 1439 884 1508 universorum
903 1437 1035 1526 laetitia,
1051 1452 1093 1506 ut
1109 1439 1152 1506 ob

130 1553 350 1624 temtationem
370 1555 566 1650 supplicatio
584 1557 713 1626 decreta
733 1557 796 1643 sit,
814 1579 917 1649 eaque
937 1581 1013 1650 pars
1032 1558 1151 1625 carmi·
1225 1633 1230 1642 ,

130 1695 206 1738 num
223 1675 332 1742 aureis
348 1673 464 1744 litteris
480 1677 553 1745 lovi
569 1675 755 1770 Capitolino
771 1675 887 1744 dicata.

172 1794 234 1860 xl.
260 1793 530 1886 Spectaculorum
552 1794 695 1888 plurima
718 1809 751 1863 et
773 1795 864 1862 varia
885 1817 1005 1888 genera
1022 1792 1151 1863 edidit:

128 1908 320 1998 iuvenales,
339 1913 513 2002 circenses,
537 1915 683 1982 scenicos
701 1911 811 2002 ludos,
829 1911 1058 2007 gladiatorium
1081 1937 1153 1980 mu-

129 2053 200 2098 nus.
211 2029 425 2100 iuvenalibus
444 2057 536 2101 senes
551 2055 683 2125 quoque
695 2030 901 2116 consulam,
920 2055 1066 2124 anusque
1080 2053 1150 2099 mu-

127 2159 238 2216 tronas
255 2151 379 2243 recepit
394 2149 435 2218 ad
455 2149 573 2220 lusum.
587 2151 798 2221 Circensibus
817 2148 887 2218 loca
903 2151 1006 2242 equiti
1027 2161 1151 2218 secreta

125 2291 144 2334 a
161 2267 281 2336 ceteris
301 2269 436 2337 tribuit:
449 2269 678 2361 commisitque
693 2271 792 2337 etiam
808 2266 1007 2338 camelorum
1021 2267 1151 2360 quadri·

123 2409 191 2478 gas.
205 2385 330 2472 Ludis,
349 2411 431 2480 quos
450 2411 511 2480 pro
527 2389 706 2456 aeternitate
716 2387 844 2479 imperii
860 2400 1026 2479 susceptos
1039 2384 1150 2478 appel·

123 2502 181 2573 lari
196 2508 374 2575 Maximus
391 2505 515 2591 voluit,
535 2530 575 2576 ex
589 2521 729 2598 utroque
742 2505 857 2576 ordinm
868 2521 901 2573 et
911 2530 989 2574 sexu
1002 2504 1150 2598 plerique

122 2620 266 2693 ludicras
287 2639 395 2719 partes
414 2627 649 2696 sustinuerunt.
667 2625 863 2694 Notissimus
879 2647 978 2716 eques
995 2647 1149 2692 romanus

121 2740 298 2836 elephanto
320 2743 533 2837 supersedens
556 2768 614 2838 per
638 2742 863 2811 catadromum
882 2741 1077 2810 decucurrit.
1095 2745 1149 2810 In·

119 2860 220 2930 ducta
236 2833 332 2931 estet
351 2863 476 2936 Afranii
494 2877 622 2958 togata,
639 2887 711 2956 quae
729 2860 921 2932 Incendium
942 2859 1148 2947 inscribitur-5

118 3003 399 3074 concessumque,
419 2996 456 3050 ut
473 2983 590 3051 scenici
611 2981 755 3050 ardentis
780 2979 897 3052 domus
913 2960 1146 3072 supellectilem

117 3097 323 3192 diriperent,
342 3125 380 3170 ac
403 3101 464 3170 sibi
489 3101 657 3170 haberent.
678 3102 797 3193 Sparsa
815 3113 849 3166 et
868 3096 992 3192 populo
1015 3095 1147 3165 missilia

115 3220 270 3288 omnium
293 3243 405 3288 rerum
424 3245 483 3314 per
498 3245 612 3290 omnes
630 3218 697 3288 dies
718 3243 726 3287 s
746 3217 875 3313 singula
887 3216 1033 3315 quotidie
1047 3215 1148 3286 millia

114 3339 232 3406 avium
256 3341 417 3433 cujusque
435 3341 586 3434 genems,
603 3336 775 3431 multiplex
793 3361 912 3431 penus,
931 3352 1057 3405 tessere
1079 3335 1147 3404 irn-

114 3458 313 3544 mentariae,
334 3458 454 3541 vestis,
476 3481 614 3541 aurum,
633 3471 825 3550 argentum,
845 3479 999 3550 gemmae,
1016 3477 1147 3546 marga·

109 3575 210 3662 ritae,
235 3575 355 3646 tabule
380 3577 494 3670 pictae,
520 3576 702 3671 mancipia,
725 3576 894 3668 jumenta,
924 3587 1023 3666 atque
1046 3573 1143 3640 etiam

110 3709 297 3764 mansuetae
313 3695 405 3781 lerae3
421 3696 596 3764 novissime
612 3719 731 3780 naves,
748 3691 877 3776 insulae,
896 3693 977 3787 agri.

161 3817 245 3884 ΧΠ.
258 3819 327 3883 Hos
344 3813 437 3884 ludos
449 3816 608 3908 spectavit
623 3839 641 3882 e
659 3813 820 3907 proscenii
839 3810 977 3906 fastigio.
988 3812 1144 3896 Munere,

105 3934 210 4028 quod
227 3935 261 4003 in
277 3935 520 4028 amphitheatro
539 3933 668 4029 ligneo,
685 3934 818 4028 regione
833 3931 946 4001 Martii
972 3929 1078 4022 campi
1099 3929 1145 3995 in·
1226 3919 1233 3929 ’

105 4070 164 4121 tra
182 4055 264 4122 anni
282 4054 424 4148 spatium
442 4053 619 4139 fabricato,
637 4051 745 4137 dedit,
762 4051 927 4118 nemiuem
945 4045 1083 4132 occidit,
1103 4071 1145 4114 nc
