3138 5438
415 511 599 568 OCTAVIUS
620 513 819 570 AUGUSTUS.
1091 514 1125 570 61

150 634 241 700 xlx.
269 631 446 702 Tumultus
468 649 542 727 post
564 636 651 721 haec,
672 649 705 704 et
724 659 834 704 rerum
854 659 1011 704 novarum
1036 639 1131 704 initia

107 751 420 844 conjurationesque·
438 753 639 847 complures,
662 756 852 847 priusquam
876 754 1129 836 invalescerent,
1266 759 1269 768 “

108 867 226 936 indicio
246 867 391 941 detectas
410 874 618 966 compressit,
637 869 797 944 aliasalio
817 888 963 966 tempore
985 899 993 940 :
1015 873 1129 966 Lepidi

104 985 249 1076 juvenis,
270 987 390 1058 deinde
408 991 566 1061 Varronis
585 994 735 1061 Murenae
756 1006 790 1060 et
812 993 928 1060 Fannii
951 991 1130 1084 Caepionis,
1263 1055 1268 1062 .

107 1127 179 1171 rnox
194 1108 245 1174 Μ.
264 1109 412 1199 Egnatii,
433 1109 506 1176 exin
523 1107 643 1178 Plautii
662 1108 753 1194 Rufi,
771 1109 930 1202 Luciique
943 1107 1038 1177 Pauli
1054 1135 1131 1203 pro·

105 1225 213 1314 generi
227 1226 279 1292 sui
294 1250 302 1291 ι
314 1249 352 1294 ac
363 1241 482 1320 praeter
495 1227 553 1296 has
564 1231 603 1296 L.
619 1227 766 1314 Audasii,
779 1226 934 1296 salsarum
947 1225 1131 1297 tabularum

106 1344 164 1424 rei,
184 1367 224 1410 ac
243 1367 351 1435 neque
368 1357 477 1430 etate,
495 1369 600 1438 neque
615 1369 753 1440 corpore
770 1346 889 1439 integri
907 1370 915 1412 ε
933 1347 1010 1413 item
1028 1347 1132 1418 Asinii

108 1461 265 1554 Epicadi,
290 1486 330 1530 ea
355 1477 452 1555 gente
476 1465 652 1550 Parthina,
676 1463 821 1558 hybridae
838 1490 856 1532 .:
882 1465 925 1532 ad
951 1479 1132 1534 extremum

105 1579 255 1674 Telephi,
276 1579 421 1650 mulieris
442 1585 526 1652 servi
546 1581 832 1656 nomenculatoris.
851 1586 937 1652 Nam
954 1581 1133 1652 neultimae

106 1697 237 1789 quidem
254 1701 352 1768 sortis
366 1701 538 1770 hominum
555 1701 797 1796 conspiratione
811 1716 843 1770 et
855 1701 1002 1795 periculo
1014 1704 1131 1772 caruit.

106 1815 268 1886 Audasius
284 1832 384 1910 atque
400 1819 562 1912 Epicadus
577 1819 698 1890 Juliam
715 1817 816 1890 filiam
831 1835 865 1890 et
881 1823 1061 1914 Agrippam
1079 1847 1134 1889 ne·

106 1952 215 2029 potem
227 1962 271 2006 ex
287 1937 418 2026 insulis,
435 1940 555 2032 quibus
570 1940 840 2023 continebantur,
856 1963 971 2034 rapere
987 1939 1029 2008 ad
1044 1965 1134 2008 exer·

104 2058 205 2142 citus,
225 2055 408 2150 Telephus,
429 2059 521 2151 quasi
541 2057 650 2129 dehita
670 2060 731 2128 sibi
754 2058 822 2128 fato
843 2058 1082 2146 dominatione,
1100 2075 1133 2128 et

106 2175 212 2267 ipsum
226 2191 262 2244 et
276 2190 426 2245 senatum
442 2176 576 2271 aggredi
588 2177 802 2249 destinarant
815 2178 1019 2266 Quinetiam
1031 2201 1134 2271 quon·

105 2293 179 2364 dam
190 2296 292 2388 juxta
311 2294 500 2364 cubiculum
516 2297 586 2390 ejus
605 2295 668 2366 lixa
686 2295 821 2389 quidam
837 2319 877 2366 ex
896 2294 1028 2389 Illyrico
1044 2321 1134 2390 exer7

104 2414 186 2502 citu,
199 2413 404 2508 janitoribus
420 2415 578 2510 deceptis,
595 2430 695 2486 noctu
711 2414 933 2509 deprehensus
949 2431 1012 2502 est,
1026 2414 1133 2484 cultro

106 2535 277 2602 venatorio
297 2535 441 2619 cinctus3
456 2536 604 2628 imposne
621 2535 757 2622 menda,
774 2558 816 2602 an
833 2532 984 2604 simulata
1002 2534 1134 2602 demen-

107 2647 162 2737 tia,
174 2653 360 2738 inoertum3
372 2652 455 2722 nihil
469 2655 557 2722 enim
568 2654 706 2747 exprimi
717 2654 896 2746 quaestione
908 2655 1026 2744 potuit

149 2773 226 2840 XX.
255 2774 400 2840 Externa
413 2769 498 2840 bella
513 2770 579 2840 duo
593 2773 727 2840 omnino
741 2795 801 2863 per
811 2794 847 2838 se
857 2771 957 2863 gessit
974 2794 982 2836 :
1001 2767 1133 2838 Dalma-

106 2889 227 2974 ticum,
243 2887 436 2960 adolescens
461 2889 591 2976 adhuc;
610 2904 660 2980 et,
679 2890 823 2960 Antonio
843 2888 992 2972 devicto,
1015 2889 1135 2957 centa-

106 3007 246 3076 bricum.
276 3005 463 3080 Dalmatico
493 3009 589 3078 etiam
617 3007 756 3078 vulnera
780 3009 925 3101 excepit3
951 3031 1018 3074 una
1046 3006 1133 3086 acie,

106 3125 260 3196 dextrum
279 3150 367 3220 genu
383 3123 491 3219 lapide
506 3127 610 3211 ictus3
629 3124 751 3213 altera,
768 3141 802 3199 et
815 3150 891 3198 crus
906 3140 939 3194 ct
955 3140 1134 3218 utrumque

106 3245 279 3314 brachium
292 3247 388 3327 ruina
407 3246 518 3338 pontis
534 3243 771 3316 consauciatus.
785 3243 925 3337 Reliqua
939 3268 999 3338 per
1011 3242 1134 3338 legatos

107 3365 369 3450 administravit3
393 3377 431 3432 ut
456 3378 565 3432 tamen
594 3361 789 3455 quibusdam
813 3365 1011 3432 Pannonicis
1035 3379 1135 3456 atque

109 3483 315 3553 Germanicis
328 3496 385 3550 aut
399 3483 626 3569 interveniret,
642 3495 784 3550 autnon
801 3479 898 3574 longe
915 3482 1058 3570 abesset,
1074 3485 1136 3550 Ra·

110 3626 266 3684 rennam,
282 3599 335 3668 vel
350 3599 590 3686 Mediolanum,
607 3598 657 3668 vel
671 3598 855 3693 Aquileiam
868 3624 971 3694 usque
987 3600 1029 3668 ab
1042 3601 1134 3669 Urbe

108 3721 332 3816 progrediens.

153 3843 246 3910 xxi.
269 3841 409 3909 Domuit
431 3854 540 3910 autem
564 3841 683 3933 partim
707 3838 824 3926 ductu,
843 3841 963 3933 partim
982 3839 1134 3931 auspiciis

109 3959 195 4044 suis,
224 3957 459 4043 Cantabriam,
490 3957 719 4050 Aquitaniam,
748 3960 970 4044 Pannoniam,
1001 3955 1134 4026 Dalma-

111 4077 187 4144 t'um
206 4100 283 4144 cum
303 4074 436 4170 Illyrico
456 4078 544 4144 omni
567 4102 583 4149 t.
594 4077 671 4147 item
693 4077 849 4162 Raetiam,
870 4091 902 4144 et
924 4073 1113 4146 Vindelicos
