3098 5446
542 487 678 542 GALBA.
1117 489 1133 544 3

90 612 190 681 stanti
213 610 332 679 vitium
351 591 507 704 'corporis
529 625 658 680 secreto
683 612 789 706 posita
817 627 907 682 veste
928 611 1067 702 detexit,
1092 641 1134 685 ne

92 733 184 828 quasi
211 733 363 828 ignaram
392 728 507 800 fallere
532 731 710 801 videretur.
740 735 791 802 Ex
816 732 962 802 Achaica
992 731 1135 822 liberos,

90 855 208 926 Caium
223 867 258 923 et
272 853 447 940 Servium,
465 854 661 947 procreavit.
679 854 835 943 Quorum
853 853 960 947 major
975 855 1075 924 Caius
1089 869 1137 924 at·

91 975 173 1045 tritis
192 972 408 1044 sacriltatibus
425 973 519 1042 Urbe
537 974 635 1042 cessit
657 999 664 1040 :
689 974 942 1069 prohibitusque
961 1000 982 1046 a
1001 977 1135 1046 Tiberio

91 1095 203 1165 sortiri
219 1119 309 1164 anno
325 1118 386 1164 suo
399 1091 691 1188 proconsulatum,
709 1094 897 1164 voluntaria
916 1111 1023 1166 morte
1041 1097 1134 1167 oblit.

133 1217 196 1284 IV.
219 1217 311 1284 Serv.
330 1212 440 1284 Galba
458 1215 652 1308 imperator,
671 1217 720 1285 M.
740 1215 874 1285 Valerio
892 1215 1050 1303 Messala,
1071 1220 1133 1288 Cn.

89 1332 236 1404 Lentulo
256 1331 469 1422 consulibus,
488 1347 586 1402 natus
605 1349 672 1422 est,
691 1359 727 1403 rx
744 1333 900 1404 kalendas
917 1315 1083 1429 januarii,
1100 1339 1135 1406 in

89 1453 167 1524 villa
191 1452 271 1524 oolli
296 1457 525 1549 superposita,
543 1479 650 1549 prope
673 1453 907 1543 Terracinam,
925 1457 1135 1526 sinistrorsus

89 1575 225 1645 Fundos
237 1575 436 1670 petentibus.
447 1573 635 1669 Adoptatus
650 1599 668 1644 a
684 1599 825 1644 noverca
840 1599 917 1660 sua,
930 1577 1063 1645 Livium
1075 1601 1137 1646 no·

89 1722 163 1766 men
185 1711 221 1766 et
236 1693 359 1767 Ocellae
377 1719 560 1791 cognomen
578 1696 754 1782 assumsit,
771 1710 900 1764 mutato
920 1698 1133 1790 prenomine.

88 1819 176 1886 Nam
191 1831 227 1886 et
240 1818 384 1889 Lucium
397 1841 475 1886 mox
486 1817 549 1912 pro
565 1815 680 1885 Servio
693 1841 800 1909 usque
815 1816 858 1884 ad
877 1831 1007 1911 tempus
1026 1819 1134 1912 impe-

88 1939 126 2007 rii
141 1939 330 2033 usurpavit.
345 1937 504 2027 Constat,
518 1939 706 2031 Augustum
719 1961 825 2031 puero
840 1935 965 2021 adhuc,
978 1935 1137 2006 salutanti

87 2083 121 2128 se
148 2059 241 2127 inter
264 2057 426 2152 aequales,
452 2057 659 2152 apprehensa
679 2054 821 2126 buccula
844 2057 982 2143 dixisse,
1004 2065 1058 2126 eal
1081 2055 1134 2145 σὺ,

87 2171 204 2266 rinnon,
217 2177 273 2265 τ’ἦς
289 2173 391 2268 ἀρχῆς
407 2175 499 2268 ἡμῶν
512 2169 710 2274 παρατρῶξῃ.
725 2176 791 2246 Sed
803 2191 835 2246 et
846 2177 1017 2265 Tiberius,
1031 2203 1136 2272 quum

87 2300 322 2394 comperisset,
339 2299 580 2392 imperaturum
594 2321 686 2385 cum,
705 2322 822 2366 verum
838 2299 871 2365 in
889 2313 1035 2386 senecta,
1050 2301 1136 2370 «vi-

85 2434 141 2488 vat
159 2443 290 2506 sane,»
307 2420 374 2507 ait,
390 2417 605 2512 «quandoid
624 2417 666 2486 ad
685 2441 745 2486 nos
761 2415 844 2485 nihil
863 2419 1045 2512 pertinet.»
1062 2419 1135 2488 Avo

1 2541 2 2548 '
87 2563 225 2633 quoque
245 2540 316 2633 ejus
337 2537 452 2633 fulgur
476 2533 689 2632 procuranti,
709 2562 812 2630 quum
830 2553 904 2605 exta
921 2537 963 2606 de
981 2512 1136 2606 manibus
1221 2589 1225 2597 -

1 2741 2 2744 Ἴ
87 2657 203 2752 aquila
224 2659 412 2752 rapuisset,
430 2674 464 2728 et
481 2659 515 2727 in
532 2657 727 2752 frugiferam
746 2681 906 2750 quercum
926 2656 1137 2744 contulisset,

1 2759 2 2768 ἵ
85 2801 286 2873 responsum
310 2793 380 2867 est,
404 2803 592 2864 summum,
618 2777 675 2846 sed
699 2801 827 2866 serum,
850 2775 1025 2871 imperium
1056 2801 1136 2870 por-

89 2897 184 2966 tendi
202 2897 345 2966 familiae.
363 2901 408 2966 Et
425 2895 480 2965 ille
496 2896 655 2984 irridens,
674 2926 691 2961 r
703 2898 837 2982 Sane,o
854 2896 983 2989 inquit,
1001 2921 1136 2992 «quum

86 3017 183 3088 mula
199 3018 407 3112 pepererit.»
424 3015 528 3087 Nihil·
540 3039 633 3110 seque
654 3029 769 3109 postea
791 3013 935 3084 Galbam
954 3028 1136 3084 tentantem

84 3163 138 3207 res
166 3161 274 3206 novas
295 3137 525 3224 confirmavit,
548 3160 649 3230 quam
671 3133 771 3204 mulae
794 3149 937 3230 partus:
956 3135 1138 3229 ceterisque

83 3273 123 3327 ut
142 3257 343 3328 obsc'oenum
358 3271 526 3326 ostentum
548 3255 826 3344 abhorrentibus,
846 3251 936 3324 solus
957 3279 1019 3349 pro
1038 3254 1137 3325 latis-

83 3378 173 3448 simo
194 3379 344 3473 accepit,
362 3400 490 3447 memor
512 3375 684 3463 sacrificii,
701 3373 847 3469 dictique
866 3376 929 3444 avi.
950 3377 1068 3444 Sumta
1088 3376 1138 3443 vi-

83 3497 139 3568 rili
158 3514 266 3593 toga,
285 3497 461 3568 somniavit
476 3499 659 3566 Fortunam
678 3495 862 3583 dicentem,
879 3524 897 3559 α
908 3509 996 3563 stare
1013 3519 1048 3562 se
1061 3509 1138 3562 ante

83 3621 177 3690 fores
194 3617 376 3705 defessam,
393 3632 444 3701 et,
465 3616 529 3686 nisi
545 3618 638 3686 ocius
655 3617 868 3710 reciperetur,
879 3617 1067 3706 cuicunque
1081 3614 1139 3682 ob-

82 3741 140 3809 vio
157 3737 285 3836 praedae
304 3737 492 3834 futuram.»
508 3740 622 3831 thue
636 3734 827 3831 evigilavit,
843 3747 958 3829 aperto
972 3734 1078 3816 atrio,
1097 3735 1140 3801 si·

82 3859 279 3930 mulacrum
306 3883 433 3928 aeneum
466 3856 554 3947 deae,
585 3853 722 3926 cubitali
751 3855 882 3950 majus,
909 3853 1005 3947 juxta
1036 3851 1140 3921 limen

81 3982 219 4050 invenit
239 4007 247 4048 :
266 3979 367 4073 idque
385 3977 511 4076 gremio
528 4001 589 4047 suo
603 3974 805 4063 Tusculum,
823 3975 881 4044 ubi
896 3975 1044 4043 aestivare
1061 3996 1136 4041 con·

80 4114 224 4188 suerat,
252 4101 379 4183 avexit,
404 4113 437 4168 et
461 4099 495 4197 in
518 4112 614 4193 parte
635 4095 755 4166 aedium
781 4107 1026 4174 consecratum,
1050 4115 1139 4160 men-

967 4238 992 4282 t.
