3168 5440
341 559 344 564 ·
453 541 489 604 ut
863 535 892 592 C.
911 537 1089 594 SUETONII

453 661 542 733 ditus
559 677 608 732 est
629 677 737 750 certe,
760 661 838 730 dum
862 687 901 730 ex
923 687 964 732 eo
980 663 1114 756 quoerit,
1133 663 1284 757 «ecquid
1299 665 1413 752 sciret,
1426 691 1472 736 cnr

451 771 514 852 sibi
530 785 638 853 visum
654 796 754 868 esset,
767 781 979 851 ordinatione
995 783 1147 878 proxima
1163 782 1305 880 AEgypto
1324 787 1472 880 preficere

452 905 610 974 Maecium
626 901 762 973 Rufum.
773 933 790 967 a
802 901 916 972 Edidit
933 902 1068 974 navales
1079 929 1208 1000 pugnas
1220 931 1314 1000 paene
1324 908 1474 1001 justarum

450 1024 621 1112 classium,
643 1024 763 1095 effosso
781 1038 815 1094 et
833 1026 1089 1094 circumstructo
1104 1026 1200 1118 juxta
1217 1027 1365 1096 Tiberim
1384 1025 1449 1098 lacu
1467 1057 1473 1096 :

450 1162 549 1241 atque
567 1149 653 1216 inter
671 1146 832 1215 maximos
851 1145 972 1214 imbres
989 1149 1221 1240 perspectauit.
1241 1149 1332 1218 Fecit
1347 1163 1381 1218 et
1397 1146 1476 1218 ludos

449 1265 631 1354 seculares,
658 1281 850 1361 computata
871 1269 999 1337 ratione
1023 1282 1210 1362 temporum
1231 1268 1272 1337 ab
1293 1294 1402 1354 anno,
1420 1295 1476 1340 nou

450 1413 517 1482 quo
542 1387 702 1458 Claudius
724 1389 890 1482 proxime,
916 1387 975 1456 sed
992 1412 1060 1482 quo
1080 1387 1160 1458 olim
1185 1392 1355 1484 Augustus
1379 1389 1476 1460 edide-

448 1522 509 1577 rat.
530 1511 571 1578 In
588 1507 658 1594 his,
674 1509 882 1577 Circensium
900 1507 977 1595 die,
993 1533 1060 1601 quo
1077 1507 1205 1578 facilius
1222 1523 1356 1578 centum
1371 1513 1478 1579 missus

448 1642 697 1722 peragerentur,
718 1625 907 1722 singulosa
931 1628 1074 1722 septenis
1097 1629 1210 1723 spatiis
1233 1615 1276 1698 'ad
1294 1631 1398 1722 quina
1412 1655 1477 1698 eor·

446 1749 560 1841 ripuit.
589 1744 738 1817 Instituit
767 1762 800 1816 et
824 1746 1075 1841 quinquennale
1099 1763 1267 1818 certamen
1296 1749 1478 1845 Capitolino

448 1869 523 1938 tovi
552 1867 686 1962 triplex,
717 1869 902 1955 musicum,
933 1883 1102 1962 equestre,
1130 1870 1340 1963 gymnicum,
1363 1885 1398 1939 et
1426 1867 1479 1937 ali·

447 2003 571 2082 quanto
589 1987 757 2083 plurium,
773 2014 875 2084 quam
894 2014 984 2058 nunc
998 2005 1064 2074 est,
1082 2014 1292 2059 coronarum.
1308 1991 1480 2060 Certabant

446 2111 534 2177 enim
563 2123 595 2178 et
617 2133 713 2202 prosa
733 2111 885 2179 oratione
902 2135 1007 2204 graeee
1027 2107 1193 2203 latineque
1217 2136 1225 2178 ε
1245 2135 1283 2179 ac
1301 2125 1421 2204 praeter
1440 2110 1480 2178 ci·

446 2229 614 2298 tlraroedos
636 2229 916 2298 chorocitharistae
935 2252 1070 2322 quoque
1088 2243 1122 2296 et
1142 2227 1408 2320 psilocitharistae
1425 2253 1432 2296 :
1451 2229 1479 2294 in

430 2348 555 2418 ¹stadio
582 2374 662 2417 vero
692 2373 791 2418 cursu
821 2349 919 2416 ctiam
946 2349 1099 2442 virgines.
1123 2347 1305 2418 Certamini
1336 2347 1481 2442 praesedit

446 2453 652 2562 crepidatus,
682 2493 916 2564 purpureaque
944 2469 1083 2537 amictus
1107 2483 1182 2562 toga
1207 2469 1410 2562 graecanica,
1435 2493 1483 2536 ca·

445 2590 514 2682 pite
535 2603 666 2682 gestans
690 2613 848 2658 coronam
863 2579 1007 2657 'auream
1030 2613 1107 2656 cum
1129 2587 1238 2683 effigie
1258 2588 1350 2656 Jovis
1373 2614 1412 2658 ac
1429 2592 1481 2657 lu·

445 2711 541 2778 nonis
558 2710 798 2802 Minervaque3
819 2707 1037 2778 assidentibus
1057 2706 1146 2778 Diali
1164 2707 1355 2796 sacerdote,
1374 2724 1407 2778 et
1424 2704 1484 2776 ool-

446 2828 532 2922 legio
555 2827 770 2916 Flauialium,
792 2829 864 2922 pari
882 2829 999 2898 habitu
1020 2855 1028 2898 :
1047 2831 1109 2897 nisi
1127 2827 1226 2922 quod,
1239 2827 1375 2898 illorum
1395 2853 1484 2898 coro·

446 2951 497 3018 nis
524 2951 643 3018 inierat
674 2963 707 3018 et
735 2950 837 3044 ipsius
869 2951 989 3044 imago.
1019 2947 1215 3020 Celebrabat
1239 2965 1272 3018 et
1295 2951 1328 3018 in
1357 2949 1484 3020 Albano

444 3073 623 3164 quotannis
639 3070 864 3163 Quinquatria
880 3071 1056 3156 Minervas,
1071 3071 1125 3138 cui
1143 3067 1318 3164 collegium
1338 3071 1487 3139 institue·

446 3205 514 3278 rat,
529 3215 569 3260 ex
583 3215 651 3284 quo
667 3207 755 3262 sorte
770 3190 862 3260 ducti
880 3191 1070 3284 magisterio
1088 3189 1318 3284 fungerentur,
1333 3189 1488 3260 ederent·

448 3333 513 3403 que
528 3310 663 3380 eximias
683 3311 874 3392 venationes
890 3325 921 3380 et
941 3311 1088 3380 scenicos
1106 3308 1216 3397 ludos,
1233 3335 1405 3405 superque
1420 3333 1488 3380 ora-

444 3444 556 3500 torum
571 3455 609 3499 ac
623 3445 797 3524 poetarum
812 3433 1004 3502 certamina.
1016 3431 1233 3526 Congiarium
1249 3429 1380 3524 populo
1400 3455 1490 3498 num·

443 3575 575 3624 morum
601 3566 807 3620 trecenorum
836 3565 886 3621 ter
906 3550 998 3620 dedit
1024 3576 1031 3618 :
1054 3568 1153 3644 atque
1181 3551 1268 3618 inter
1297 3547 1490 3644 spectacula

444 3674 590 3742 muneris
616 3670 836 3766 largissimum
859 3670 1005 3768 epulum.
1033 3669 1277 3764 Septimontiali
1296 3695 1399 3740 sacro
1418 3671 1489 3763 qui·

347 3821 351 3824 ·
444 3793 539 3881 dem,
564 3794 693 3862 senatui
710 3794 879 3888 equitique
902 3794 1063 3888 panariis,
1092 3791 1205 3894 plebei
1220 3790 1392 3886 sportellis
1419 3815 1491 3860 cum

444 3915 585 3984 obsonio
602 3912 809 3996 distributis;
826 3914 957 3982 initium
974 3912 1127 3982 vescendi
1145 3913 1272 4007 primus
1294 3911 1377 3980 feeit
1398 3938 1407 3980 ε
1427 3910 1492 3978 die·

446 4059 510 4128 que
532 4036 685 4129 proximo
710 4059 808 4104 omne
837 4059 941 4130 genus
964 4059 1075 4102 rerum
1103 4031 1240 4102 missilia
1268 4035 1397 4126 sparsit
1428 4059 1436 4098 :
1465 4045 1495 4098 et

445 4155 524 4246 quia
547 4181 624 4249 pars
642 4155 750 4248 major
771 4156 858 4224 intra
882 4152 1054 4250 popularia
1076 4153 1260 4240 deciderat,
1279 4139 1497 4248 quinquage-
