3108 5434
535 489 721 548 multatus.
1082 515 1133 566 rap

92 615 125 680 in
144 611 289 707 Syriam,
309 613 450 702 accidit,
470 627 507 682 ut
526 614 617 708 apud
633 613 804 710 Philippos
821 630 954 685 sacratae
971 615 1050 686 olim
1070 620 1136 690 vic·

92 733 223 802 tricium
235 729 408 838 legionum
424 757 489 802 aaa
503 747 621 828 sponte
634 735 751 804 subitis
765 733 966 806 collucerent
981 737 1112 832 ignibus
1127 765 1135 806 ε

91 867 125 920 et
141 877 233 938 mox,
253 877 358 946 quum
378 850 546 948 Illyricum
564 868 678 950 petens
696 855 791 948 juxta
819 859 991 928 Patavium
1016 857 1136 928 adisset

91 975 258 1068 Geryonis
269 971 461 1062 oraculum,
478 987 567 1043 sorte
585 989 703 1060 tracta,
723 1001 790 1068 qua
807 977 1025 1063 monebatur,
1040 993 1078 1048 ut
1094 977 1136 1046 de

92 1093 395 1164 consultationibus
418 1096 451 1162 in
477 1097 589 1188 Aponi
613 1093 737 1164 fontem
758 1094 841 1166 talos
858 1121 975 1166 aureos
992 1100 1134 1192 jaceret,

92 1216 221 1305 evenit,
243 1230 281 1284 ut
300 1239 467 1284 summum
487 1239 663 1285 numerum
681 1215 773 1309 jactu
790 1217 832 1285 ab
850 1241 890 1286 eo
907 1217 1134 1305 ostenderent;

92 1335 257 1429 hodieque
279 1335 342 1403 sub
368 1359 454 1429 aqua
478 1335 632 1404 visuntur
654 1335 689 1403 hi
715 1334 780 1405 tali.
804 1339 891 1406 Ante
914 1361 1036 1432 paucos
1057 1362 1135 1408 vero

90 1480 191 1549 qnam
214 1469 431 1524 revocaretur
453 1453 538 1543 dies,
563 1453 693 1550 aquila,
715 1479 886 1550 nunquam
906 1472 1004 1528 antea
1023 1458 1133 1528 Rhodi

89 1591 287 1671 conspecta,
302 1577 336 1644 in
348 1573 494 1645 culmine
504 1575 622 1645 domus
633 1577 705 1670 ejus
715 1576 853 1646 assedit:
868 1593 902 1646 et
915 1577 1022 1674 pridie
1035 1603 1133 1672 quam

90 1699 130 1766 de
149 1695 263 1767 reditu
283 1697 405 1765 certior
423 1695 534 1784 lieret,
554 1697 750 1766 vestimenta
775 1699 916 1766 mutanti
940 1699 1052 1766 tunica
1078 1721 1132 1766 ar·

90 1819 165 1888 dere
182 1819 258 1888 visa
273 1831 333 1887 est.
352 1815 563 1912 Thrasyllum
583 1841 717 1914 quoque
734 1819 1019 1904 mathematicum,
1033 1843 1132 1912 quem

92 1955 126 2008 ut
144 1939 321 2032 sapientiae
344 1936 563 2032 professorem
585 1937 804 2006 contubernio
827 1936 1037 2027 admoverat,
1060 1954 1132 2008 tum

92 2061 235 2128 maxime
261 2073 415 2153 expertus
435 2072 499 2147 est,
527 2056 767 2146 affirmantem,
788 2081 871 2126 nave
896 2060 1028 2152 provisa
1050 2083 1132 2154 gau·

91 2180 180 2252 dium
198 2179 336 2267 afferri3
351 2203 456 2272 quum
472 2177 607 2272 quidem
620 2175 732 2265 illum,
746 2175 862 2247 durius
876 2193 910 2248 ot
927 2194 1043 2248 contra
1053 2203 1134 2274 prat-

89 2303 177 2372 dicta
196 2299 394 2370 cadentibus
412 2299 525 2387 rebus,
543 2314 581 2367 ut
601 2296 719 2367 salsum
737 2312 770 2366 et
787 2314 988 2368 secretorum
1009 2314 1132 2368 temere

89 2423 277 2509 musetum,
299 2445 340 2489 eo
361 2419 434 2514 ipso
454 2433 641 2507 momento,
662 2417 742 2487 dum
762 2420 923 2512 spatiatur
942 2444 1029 2504 una,
1048 2445 1132 2516 prae·

89 2543 227 2636 cipitare
249 2542 284 2609 in
304 2564 396 2609 mare
412 2538 615 2608 destinasset.
645 2611 646 2614 ,

133 2667 212 2732 XV.
231 2665 373 2732 Romam
387 2683 561 2748 reversus,
579 2657 723 2729 deducto
741 2660 774 2728 in
795 2659 904 2728 forum
920 2659 989 2729 filio
1003 2664 1131 2748 Druso,

88 2785 202 2851 statim
218 2806 238 2850 e
255 2782 388 2850 Carinis
408 2803 447 2849 ao
461 2779 662 2874 Pompeiana
677 2777 777 2848 domo
790 2777 951 2873 Esquilias
966 2780 1000 2847 in
1016 2779 1132 2850 hortos

88 2903 347 2974 tteoenatiam
365 2901 638 2994 transmigravit:
660 2913 834 2992 totumque
861 2922 896 2966 so
921 2897 962 2966 ad
986 2900 1131 2991 quietem

87 3020 250 3107 contulit,
262 3023 388 3116 privata
400 3020 498 3091 modo
509 3019 616 3092 officia
629 3021 760 3110 obiens,
776 3044 814 3088 ac
833 3017 1040 3113 publicorum
1060 3043 1133 3087 mu·

88 3167 213 3212 nerum
226 3166 352 3236 expers.
373 3142 456 3210 Caio
473 3157 507 3211 et
523 3142 627 3210 Lucio
647 3140 734 3209 intra
751 3139 932 3208 triennium
952 3137 1130 3220 densetis,

85 3259 908 3358 adoptaturabhugustosimulcumfratreeorum
916 3259 1130 3354 M.Agrippa;

84 3399 228 3454 coactus
240 3383 331 3477 prins
344 3383 429 3477 ipse,
441 3383 697 3469 Germanicum,
712 3379 822 3448 fratris
835 3378 887 3446 sni
899 3375 1019 3466 filium,
1034 3378 1132 3473 adop

86 3519 171 3573 tare.
198 3501 272 3572 Nec
297 3503 474 3596 quicquam
494 3515 608 3596 postea
632 3525 694 3595 pro
715 3496 949 3594 patrefamilias
970 3499 1056 3594 egit,
1073 3512 1131 3567 aut

79 3627 156 3719 jus,
182 3621 275 3716 quod
295 3618 512 3719 [adoptione]
532 3621 702 3708 amiserat,
725 3643 764 3688 ex
783 3616 850 3688 ulla
869 3633 963 3714 parte
982 3619 1129 3688 retinuit.

82 3747 179 3818 Ham
202 3765 308 3836 neque
325 3741 478 3830 donavit,
497 3765 604 3835 neque
622 3739 838 3809 manumisit:
855 3764 897 3808 ne
914 3737 1129 3807 hereditatem

80 3863 245 3960 quidem,
261 3876 319 3930 aut
334 3859 440 3955 legata
454 3861 603 3956 percepit
616 3858 685 3928 ulla
702 3857 814 3946 aliter,
831 3882 931 3952 quam
948 3871 985 3926 ut
1001 3856 1130 3951 peculio

81 3985 231 4054 referret
250 3995 392 4075 accepta.
413 3978 505 4052 Nihil
524 4003 564 4049 ex
583 4003 623 4048 eo
642 3994 793 4073 tempore
808 3977 1063 4072 pretermissum
1080 3991 1128 4045 est

81 4103 126 4172 ad
154 4101 361 4193 majestatem
387 4100 460 4194 ejus
484 4099 685 4194 augendam,
713 4123 751 4166 ac
771 4095 877 4166 multo
897 4095 1020 4190 magis,
1040 4111 1129 4190 post-
