3164 5442
404 467 444 522 lN
468 466 657 524 rtssssttltt
679 466 874 536 NERONENL
1108 465 1165 524 215

161 585 223 642 Car.
238 583 289 640 Xl.
315 583 437 640 Tantam
452 601 517 639 non.
532 583 570 641 Η.
585 603 610 652 e,
625 594 659 640 ut
672 583 752 658 apud
765 585 881 639 Grecos
899 589 970 660 μόνον
988 591 1026 654 οὐ,
1036 591 1078 638 ·et
1094 593 1164 662 μόνον

124 686 184 756 οὐχί,
196 673 232 734 de
245 693 304 751 qua
321 674 470 732 locutione
483 675 519 733 el.
535 675 652 734 doctiss.
667 678 828 748 Bnnnonr,
844 675 879 732 G.
890 695 950 750 gr„
965 691 995 751 p.
1017 673 1083 750 ²9⁵·

158 782 221 839 Die.
235 781 301 838 Scil.
315 781 347 837 in
365 781 528 840 ordinando
542 781 617 860 quid
636 780 754 858 singulis
768 781 827 840 diei
839 779 919 838 boris
932 788 1038 856 egeret.
1053 781 1098 838 lta
1111 783 1165 840 Se-

122 892 179 932 uee.
200 875 242 929 ael
252 875 372 948 Polyb„
392 894 449 932 xxv
475 895 483 931 ι
511 898 526 928 e
541 877 609 934 Non
629 874 696 934 licet
714 874 769 932 tibi
786 883 839 932 tuo
864 874 986 932 arbitrio
1006 873 1083 931 diem
1103 875 1166 932 dis-

143 985 195 1023 0lle
228 991 265 1022 ‚a

124 984 377 1140 Pliebiediumque.
408 1061 500 1120 Intell.
523 1057 652 1118 libellum
685 1077 746 1136 qno
775 1059 887 1134 repudii
912 1079 1002 1119 cause
1033 1059 1166 1120 eontine-

121 1151 228 1208 bantur.

160 1243 259 1318 Officii
274 1245 365 1300 cluer't.
379 1243 416 1302 Η.
431 1264 456 1302 e.
472 1246 586 1322 putavit
603 1262 689 1303 suurn
705 1263 765 1304 esse
780 1243 919 1304 officium.

159 1349 358 1407 Comboratis.
372 1353 499 1426 Nempe,
512 1350 673 1426 pubertatis
687 1369 779 1410 annos
795 1349 924 1429 egressis.

155 1455 220 1516 Cat.
250 1458 319 1516 XII.
344 1457 476 1532 legante.
499 1456 676 1516 Jamdudnm
699 1477 762 1514 mos
775 1455 952 1528 invaluerat,
972 1465 1005 1513 nt
1026 1456 1169 1535 legatione

120 1547 292 1605 donarentur
306 1549 358 1626 qui
372 1550 458 1608 otiam
470 1568 587 1608 suarum
599 1568 661 1606 non
674 1548 857 1625 publicarum
870 1567 1066 1608 rerumeausa
1079 1549 1168 1607 abiis-

119 1651 184 1699 sent.
200 1642 243 1698 Cf.
258 1643 322 1700 Cre.
336 1645 379 1698 ad
394 1645 493 1712 Fam„
503 1662 522 1700 x
538 1664 546 1700 ι
560 1647 680 1716 «Quum
695 1642 784 1700 inhia
799 1641 937 1719 angustiis
948 1661 1092 1714 versarer,
1104 1645 1169 1718 pla·

119 1732 202 1790 ritum
217 1745 260 1790 est
273 1733 361 1807 mihi,
375 1745 410 1790 ut
429 1738 606 1810 postularem
625 1729 804 1812 legationem
814 1735 934 1792 liberam
950 1733 1020 1790 mihi
1033 1734 1168 1810 reliquis·

119 1843 173 1900 qne
187 1826 311 1899 nostris,
327 1837 361 1887 nt
374 1827 471 1903 aliqua
489 1847 574 1888 eausa
594 1827 798 1902 proficiscendi
813 1827 934 1885 honesta
948 1838 1133 1903 quereretur.
1151 1853 1167 1882 n

156 1932 295 1989 Rhodum.
309 1934 402 2006 vell,
418 1953 461 2007 11,
474 1953 514 2011 99
531 1955 540 1991 ε
554 1935 653 1992 «Illud
667 1934 753 1993 etiam
769 1934 800 1991 in
813 1935 870 1992 hoo
883 1944 1049 1990 mansonrsu
1063 1934 1166 1994 dieen-

120 2023 186 2082 dum
208 2035 268 2099 est,
288 2024 330 2083 ita
348 2034 457 2101 septem
470 2045 562 2084 annos
583 2026 680 2085 Rhodi
698 2037 858 2098 moratum,
871 2037 905 2082 ut
927 2026 1092 2102 omnesqui
1114 2047 1169 2102 pro

118 2120 281 2178 oonsulibus
293 2119 438 2196 legatique
451 2120 482 2177 in
496 2121 698 2178 transmarinas
720 2119 846 2196 proiecti
867 2118 1045 2195 provincias,
1058 2119 1170 2178 visendi

117 2209 176 2283 ejus
201 2211 294 2288 gratia
313 2211 435 2269 adeum
455 2212 621 2284 venissent,
642 2231 755 2288 semper
776 2212 892 2288 privato
908 2211 958 2288 (si
970 2211 1019 2270 illa
1040 2212 1170 2286 majestas

118 2301 227 2377 privata
241 2323 373 2381 unquam
386 2303 453 2385 init)
466 2305 555 2363 fasces
568 2324 636 2364 snos
649 2304 855 2378 summiserint,
872 2303 998 2381 lassique
1010 2303 1067 2361 sint
1078 2307 1169 2362 otium

117 2395 177 2468 ejus
193 2397 368 2456 honoratius
381 2397 503 2474 imperio
517 2417 581 2456 suo.
598 2424 620 2450 ι·

155 2505 199 2561 M.
212 2505 311 2564 Lollii.
328 2507 373 2562 De
391 2523 452 2582 quo
471 2503 559 2576 Plio,
581 2507 615 2560 H.
631 2503 685 2576 N,
698 2521 746 2574 rx,
760 2501 798 2560 35
815 2523 824 2559 e
844 2501 924 2560 «llic
939 2511 983 2559 est
1004 2502 1170 2578 rapinarum

116 2595 225 2671 exitus;
244 2598 303 2656 hoc
324 2598 396 2670 suit,
413 2616 505 2673 quare
523 2601 564 2654 Μ.
585 2597 696 2664 Lollius
712 2595 866 2653 infamatus
881 2613 982 2670 regum
1003 2595 1171 2654 muneribus

115 2687 144 2745 in
156 2700 220 2748 toto
238 2690 376 2763 Oriente,
396 2689 550 2748 interdieta
564 2688 688 2748 amicitia
704 2707 721 2745 a
740 2687 811 2746 Caio
830 2690 939 2746 Caesare
951 2687 1077 2762 Augusti
1091 2687 1170 2761 filio,

116 2798 260 2840 venenum
273 2781 395 2840 biberet
411 2807 425 2836 ι

156 2889 296 2966 Beneficii
311 2891 363 2945 sul.
381 2891 462 2963 Quos
482 2885 544 2964 ipse
563 2906 614 2946 suo
627 2886 763 2963 beneflcio
780 2885 818 2945 sd
831 2887 904 2944 illud
928 2905 1032 2946 munus
1049 2906 1170 2965 promo-

115 2992 202 3040 verat.

155 3077 225 3133 Cas.
239 3076 325 3134 Xlll.
340 3075 468 3131 Polliam
479 3075 661 3152 etcrepiclos.
678 3076 701 3130 l.
713 3091 739 3131 e.
753 3091 877 3151 ςιιοιιιιι
890 3073 1020 3132 habitum
1033 3073 1170 3148 sumpsit,

116 3167 239 3225 docente
254 3171 296 3225 Cl.
313 3171 400 3224 Herse.
489 3228 493 3236 ,
923 3182 925 3190 ·

153 3263 376 3319 Nemausenses.
392 3259 449 3318 Scil
463 3257 615 3333 Nemausi,
632 3257 731 3316 Gallie
750 3259 948 3317 Narbonensis
967 3259 1048 3320 urbis
1061 3260 1169 3317 incolae.

119 3355 245 3428 Gallice,
262 3366 295 3412 ut
314 3353 443 3412 ereditur
457 3373 466 3410 t
482 3357 524 3411 les
538 3353 675 3410 habitans
689 3356 725 3410 de
742 3351 848 3409 Nlmes.

159 3447 357 3523 Majon'sfilii.
371 3449 484 3523 Nempe
499 3449 531 3505 C.
546 3445 670 3505 Caesaris.

154 3543 198 3598 M.
215 3545 311 3598 lollio
320 3541 464 3616 ffsensior.
474 3541 540 3599 Soil.
555 3541 617 3614 ejus
630 3538 781 3596 fraudibus
794 3537 849 3594 sibi
865 3555 882 3594 a
897 3538 1017 3595 Phraate
1030 3537 1171 3596 indicatis.

114 3635 155 3691 Cf.
171 3638 281 3706 Vana„
296 3655 335 3708 11,
353 3653 423 3708 ron,
440 3645 470 3692 et
486 3637 587 3704 rue,
605 3635 643 3688 H.
657 3632 714 3697 N„
729 3649 774 3701 rx,
788 3629 836 3688 35.

153 3753 225 3809 Cos.
248 3753 329 3808 XIV.
350 3755 430 3807 Am.
452 3750 511 3808 llas
530 3747 630 3825 posuit
652 3747 811 3820 Antonius,
834 3747 957 3805 docente
977 3745 1089 3816 Dione,
1113 3764 1171 3817 ιιι,

112 3860 141 3918 P·
158 3843 218 3904 526
240 3865 246 3899 :
267 3852 320 3906 Kal
336 3848 389 3912 ἤδη
410 3871 440 3923 γι
459 3851 504 3906 καὶ
520 3851 577 3923 oapi
600 3857 644 3912 τῆς
663 3851 797 3922 μόναρχίας
817 3851 916 3914 istria,
937 3841 1025 3906 irretiti
1041 3846 1099 3917 πρὸς
1117 3847 1174 3905 τοὺς

112 3946 252 4006 Φιλίππους
265 3947 332 4016 αὐτῷ
348 3945 536 4016 προσιλαυνόντι
549 3949 597 4014 πῦρ
612 3943 640 3996 be
653 3951 701 3996 τῶν
716 3939 799 4015 inpios
822 3950 870 3996 τῶν
890 3943 937 3996 ὑπὸ
954 3946 996 3992 τοῦ
1009 3931 1132 3993 berosino
1146 3943 1170 3991 lv

112 4044 147 4107 τῷ
165 4041 325 4110 vespelliones
342 4032 486 4108 ἱδρυθέντων
504 4036 645 4106 αὐτόματον
661 4035 796 4106 ἀνέλαμψε.

152 4134 296 4211 Geryonis
309 4135 462 4190 oracutum.
479 4135 523 4190 De
541 4133 598 4189 hoe
611 4131 683 4188 nihil
702 4140 889 4207 compertum.
978 4115 981 4121 ¹
