3114 5446
431 509 487 564 172
830 489 860 546 C·
879 487 1054 546 suaromr

429 631 473 704 ut'·
482 616 646 686 Antiocho
660 617 884 708 Commageno
899 619 1085 682 sestertium
1102 609 1219 680 millies
1232 611 1438 682 confiscatum.

431 737 576 829 Quoque
585 736 688 828 magis
699 730 821 802 nullius
831 756 899 801 non
908 732 990 800 boni
1003 730 1142 824 exempli
1155 731 1265 800 fautor
1276 731 1441 816 videretur,

430 854 560 924 mulieri
588 853 747 922 libertinas
773 852 943 945 octoginta
972 849 1128 935 donavit,
1158 847 1247 944 quod
1272 851 1443 918 excmciata

431 974 629 1068 gravissimis
645 972 815 1041 tormentis
828 969 869 1038 de
881 967 1000 1038 scelere
1013 969 1145 1061 patroni
1160 967 1356 1038 reticuisset.
1365 969 1443 1056 Quas

432 1094 474 1160 ob
490 1117 542 1160 res
556 1093 644 1160 inter
659 1088 802 1182 reliquos
818 1088 958 1158 honores
973 1087 1122 1156 decretus
1136 1100 1185 1154 est
1199 1088 1228 1154 ei
1247 1086 1378 1180 clypeus
1393 1111 1444 1154 au·

432 1237 527 1301 reus,
545 1236 644 1306 quem
662 1210 838 1303 quotannis
856 1223 947 1278 certo
965 1207 1019 1276 die
1040 1204 1177 1302 collegia
1194 1206 1397 1276 sacerdotum
1416 1207 1444 1273 in

432 1330 634 1425 Capitolium
658 1329 798 1418 ferrent,
819 1341 934 1396 senatu
961 1340 1202 1420 prosequente,
1226 1323 1445 1417 nobilibusque

433 1450 545 1544 pueris
561 1475 600 1518 ac
616 1447 733 1542 puellis
745 1447 890 1516 carmine
904 1443 1075 1514 modulato
1089 1441 1202 1514 laudes
1215 1445 1374 1512 virtutum
1387 1445 1448 1536 ejus

434 1569 637 1636 canentibus.
655 1571 835 1636 Decretum
851 1577 982 1652 autem,
1000 1578 1038 1632 ut
1054 1561 1140 1650 dim,
1158 1587 1226 1656 quo
1243 1563 1381 1656 cepisset
1396 1563 1448 1631 im·

433 1688 583 1782 perium,
609 1685 733 1758 Palalce
759 1698 947 1771 vocaretur,
971 1681 1062 1752 velut
1089 1696 1322 1777 argumentum
1349 1705 1451 1752 rursus

434 1806 572 1876 conditae
592 1806 702 1875 Urbis.

483 1929 589 1996 XVII.
608 1921 806 1994 Consulatus
817 1939 960 2019 quatuor
972 1925 1070 2019 gessit
1081 1949 1089 1992 ε
1100 1919 1245 2016 primunr
1256 1949 1296 1993 ex
1311 1922 1451 1994 kalendis

433 2043 523 2138 juliis
547 2069 607 2138 per
631 2043 713 2112 duos
742 2069 888 2132 mensem
911 2043 1092 2113 secundum
1113 2067 1152 2112 ex
1174 2041 1322 2112 kalendis
1341 2045 1452 2138 janua·

436 2164 494 2232 riis
513 2187 572 2256 per
597 2163 731 2255 triginta
753 2162 841 2248 dies;
861 2163 992 2232 tertium
1017 2187 1121 2256 usque
1146 2164 1180 2230 in
1203 2162 1277 2232 idus
1296 2164 1454 2256 januarii3

436 2297 591 2374 quartum
609 2282 766 2373 usquein
788 2283 963 2375 septimum
984 2281 1058 2350 idus
1078 2281 1218 2350 easdem.
1237 2285 1286 2350 Ex
1307 2282 1456 2350 omnibus

437 2401 520 2470 duos
553 2401 747 2469 novissimos
782 2401 962 2492 conjunxit.
992 2402 1139 2470 Tertium
1169 2415 1278 2470 autem
1307 2399 1458 2494 Lugduni

438 2522 511 2588 iniit
529 2518 633 2606 solus3
655 2543 742 2606 non,
764 2532 802 2586 ut
819 2519 953 2612 quidam
973 2521 1168 2612 opinantur,
1188 2519 1345 2614 superbia
1362 2517 1459 2610 negli-

437 2641 608 2734 gentiave,
633 2637 690 2707 sed
712 2638 802 2732 quod
828 2637 1020 2706 defunctum
1046 2641 1107 2708 sub
1135 2637 1353 2709 kalendarum
1381 2637 1460 2706 diem

269 2819 271 2830 ,
379 2837 383 2850 ,
438 2758 595 2852 collegam
614 2759 749 2828 rescisse
768 2757 885 2826 absens
905 2781 972 2826 non
989 2772 1153 2850 potuerat.
1171 2760 1392 2853 Congiarium
1409 2780 1461 2849 po·

438 2877 517 2970 pulo
540 2878 590 2946 bis
613 2877 703 2946 dedit
722 2891 870 2945 trecenos
888 2878 1078 2944 sestertios:
1099 2877 1198 2944 toties
1219 2874 1462 2945 abundantissi-

439 3021 530 3064 mum
555 2995 690 3088 epulum
709 2997 836 3064 senatui
857 2995 1062 3089 equestrique
1082 2994 1210 3082 ordini,
1231 2997 1332 3064 etiam
1352 2995 1466 3086 conju·

440 3115 534 3206 gibus
549 3139 587 3182 ac
607 3113 716 3182 liberis
733 3128 960 3206 utrorumque.
981 3115 1167 3182 Posteriora
1185 3111 1301 3206 epulo,
1325 3111 1466 3182 forensia

441 3234 573 3326 insuper
587 3234 684 3318 viris,
700 3233 827 3302 feminis
845 3257 884 3300 ac
901 3233 1011 3327 pueris
1029 3232 1145 3302 fascias
1160 3257 1318 3326 purpurae
1333 3257 1375 3302 ac
1388 3255 1466 3299 con·

440 3350 539 3444 chylii
555 3351 733 3420 distribuit.
751 3357 795 3422 Et
815 3367 852 3420 ut
868 3351 1013 3420 laetitiam
1031 3351 1196 3446 publicam
1214 3354 1247 3420 in
1266 3365 1469 3446 perpetuum

441 3495 572 3564 quoque
592 3487 744 3566 augeret,
765 3471 887 3564 adjecit
903 3471 989 3540 diem
1008 3469 1251 3560 Saturnalibus,
1271 3467 1472 3564 appellavit·

440 3613 504 3682 que
524 3591 723 3662 Iuvenalem.

488 3713 613 3780 XVIII.
635 3715 776 3780 Munera
799 3709 994 3805 gladiatoria
1019 3713 1139 3806 partim
1162 3712 1198 3779 in'
1221 3711 1473 3804 amphitheatro

440 3831 560 3918 Tauri,
577 3832 698 3923 partim
716 3831 749 3898 in
766 3832 893 3924 Septis,
911 3829 1037 3924 aliquot
1052 3830 1172 3919 edidit,
1187 3831 1309 3924 quibus
1329 3828 1475 3899 inseruit

441 3963 585 4018 catervas
599 3949 744 4018 afrorum
766 3973 1067 4043 campanarumque
1082 3947 1246 4044 pugilum,
1264 3971 1304 4018 ex
1329 3963 1479 4041 utraque

442 4069 575 4161 regione
597 4065 876 4136 electissimorum.
900 4069 1014 4162 Neque
1033 4065 1226 4161 spectaculis
1246 4091 1386 4161 semper
1408 4069 1478 4159 ipse
