3168 5440
439 411 476 468 66
848 411 879 470 C.
901 411 1079 470 suumuu

438 537 691 609 cousuetudine.
712 541 805 608 Duas
821 537 1025 608 circensibus
1039 560 1178 631 gregum
1200 534 1359 604 factiones
1372 537 1460 604 aurati

438 659 667 753 purpureique
687 658 790 753 pauni
811 657 853 726 ad
879 671 1024 750 quatuor
1040 657 1197 750 pristinas
1216 653 1355 724 addidit.
1374 658 1463 726 luter

438 779 520 848 dixit
539 777 757 848 histrionibus
784 801 937 864 scenam,
962 779 1050 846 intra
1076 775 1213 846 domum
1234 775 1370 870 quidem
1386 801 1463 845 exer·

439 898 536 970 cendi
550 913 654 969 artem
664 899 742 992 jure
752 923 920 970 concesso.
936 898 1084 968 Castrari
1101 921 1208 966 mores
1225 897 1340 966 vetuit
1356 896 1467 990 Spado-

440 1045 540 1108 num,
558 1021 618 1114 qui
634 1018 758 1090 residui
770 1018 862 1114 apud
875 1043 1058 1114 mangones
1070 1031 1184 1106 eruut,
1198 1019 1307 1113 pretia
1329 1015 1467 1086 modera-

439 1155 492 1210 tus
504 1153 563 1210 est.
579 1139 632 1210 sd
645 1163 809 1210 summam
826 1139 996 1233 quondum
1014 1139 1199 1209 ubertatem
1212 1140 1303 1226 viui,
1324 1137 1468 1206 frumenti

438 1285 517 1329 vero
544 1260 712 1354 inopium,
741 1259 933 1329 existimans
961 1259 1067 1329 nimio
1094 1261 1264 1328 vinearum
1287 1257 1398 1328 studio
1421 1283 1470 1326 ne·

438 1377 518 1476 gligi
537 1403 635 1467 srva,
654 1376 773 1465 edixit,
791 1381 844 1450 Ne
860 1384 935 1474 quis
953 1380 988 1450 iu
1003 1377 1100 1448 ltalia
1113 1375 1313 1464 nouellaret,
1328 1393 1430 1472 utque
1442 1379 1471 1444 in

439 1499 619 1594 provinciis
638 1501 750 1568 vineta
768 1499 1035 1587 succiderentur,
1053 1496 1187 1586 relicta,
1207 1497 1263 1568 ubi
1283 1496 1472 1593 plurimum,

439 1619 576 1688 dimidia
607 1635 701 1714 parte
730 1644 826 1690 :nec
854 1621 990 1712 exsequi
1020 1643 1091 1688 rem
1119 1619 1353 1713 perseveravit.
1385 1621 1475 1708 Quae·

441 1739 518 1810 dam
537 1765 577 1810 es
606 1741 758 1810 maximis
775 1740 893 1810 officiis
918 1741 1006 1810 iuter
1026 1737 1197 1809 libertinos
1218 1740 1411 1833 equitesque
1431 1763 1475 1806 ro·

440 1884 557 1930 manos
571 1863 840 1932 communicavit.
861 1860 1037 1931 Geminari
1057 1857 1225 1956 legionum
1239 1873 1349 1931 castro
1373 1859 1477 1953 probi·

440 1982 513 2050 buit
528 2007 537 2049 :
554 2005 615 2050 nee
628 1980 703 2076 plus
719 2006 821 2075 quam
835 1979 926 2052 mille
943 2003 1097 2051 nummos
1109 2005 1130 2050 a
1143 2005 1313 2075 quoquam
1333 1978 1477 2074 adsigna

438 2101 577 2196 deponi3
597 2101 688 2196 quod
716 2105 754 2171 L.
773 2103 939 2174 Antonius
963 2099 1055 2197 apud
1079 2099 1222 2171 duarum
1243 2099 1416 2198 legionum
1436 2099 1479 2166 hi·

439 2221 563 2308 berna,
581 2246 633 2290 res
651 2245 753 2290 novas
772 2220 928 2310 moliens,
946 2219 1101 2291 fiduciam
1118 2223 1243 2316 cepisse
1256 2221 1359 2290 etiam
1377 2245 1418 2290 ex
1432 2219 1480 2286 de·

439 2343 624 2434 positorum
641 2366 770 2412 summu
784 2341 971 2412 videbatur.
986 2341 1124 2412 Addidit
1138 2356 1171 2412 et
1187 2355 1346 2436 quartum
1362 2343 1479 2436 stipen-

440 2461 532 2532 dium
552 2461 667 2549 militi,
681 2489 799 2534 aureos
815 2479 939 2534 ternos.

487 2585 578 2652 VllI.
597 2588 656 2656 Jus
682 2582 858 2680 diligenter
876 2599 909 2682 et
927 2583 1089 2654 industrie
1108 2583 1211 2672 dixit,
1230 2583 1432 2680 plerumque
1451 2597 1482 2651 et

439 2706 473 2773 iu
500 2708 588 2774 Foro
606 2729 669 2799 pro
697 2703 857 2774 tribunali
880 2719 973 2774 extro
994 2705 1158 2774 ordinem.
1186 2706 1390 2776 Ambitiosas
1416 2729 1484 2774 ceu·

439 2825 661 2894 tumrirorum
690 2825 870 2894 sententias
898 2825 1042 2894 rescidit.
1070 2829 1355 2922 Recuperatores,
1387 2851 1430 2896 ne
1455 2849 1485 2893 se

439 2943 633 3038 perfusoriis
651 2945 889 3014 assertionibus
915 2945 1202 3027 acommodsrent,
1227 2945 1414 3018 identidem
1435 2945 1488 3016 ud·

440 3066 581 3133 monuit.
609 3065 825 3134 Nummarios
840 3065 969 3159 judices
995 3091 1071 3136 curn
1101 3091 1162 3136 suo
1188 3091 1362 3162 quemque
1386 3068 1488 3138 consi·

438 3182 483 3252 lio
502 3183 640 3252 notavit.
662 3187 788 3266 Auctor
801 3200 835 3254 et
859 3185 1001 3255 tribunis
1024 3185 1131 3280 plebis
1161 3187 1245 3276 tuit,
1266 3163 1403 3259 aedilern
1427 3213 1489 3258 sor-

439 3302 555 3374 didum
574 3305 832 3398 repetundarum
852 3305 1046 3392 accusandi,
1070 3307 1266 3402 judicesque
1296 3311 1332 3378 in
1364 3334 1489 3380 eumn

438 3437 554 3496 senatu
581 3425 725 3519 petendi.
753 3427 1007 3521 Magistratibus
1028 3451 1161 3522 quoque
1186 3429 1328 3518 urbicis,
1353 3433 1491 3526 provin·

438 3545 631 3639 clarumque
649 3545 841 3640 presidibus
854 3547 1046 3619 coercendis
1066 3563 1195 3618 tantum
1210 3573 1299 3619 cure
1320 3551 1492 3633 adhibuit,

439 3681 476 3736 ut
499 3691 606 3761 neque
630 3667 847 3738 modestiores
870 3692 1033 3763 unquam,
1052 3693 1159 3764 neque
1175 3671 1334 3765 justiores
1357 3676 1493 3746 exstite-

438 3788 505 3856 rint
527 3787 713 3880 :equibus
741 3787 917 3883 plerosque
942 3805 1018 3884 post
1040 3788 1133 3860 illurn
1156 3815 1230 3861 reos
1250 3795 1413 3864 omnium
1434 3795 1494 3863 ori·

438 3909 567 3976 minum
593 3907 749 3977 vidimus.
780 3911 940 4003 Suscepts
969 3934 1100 3979 morum
1126 3913 1355 4002 correctione,
1390 3913 1495 3984 licen·

440 4027 518 4096 tiam
536 4027 730 4098 theatralem
746 4030 933 4123 prorniscue
951 4030 983 4098 in
1005 4030 1116 4124 equite
1134 4030 1306 4125 spectandi
1327 4033 1493 4102 inhibuit.
