3108 5434
413 528 466 584 156
812 531 841 584 C.
862 529 1031 584 suuuouu

410 652 522 722 eadem
543 669 781 741 contemneret,
799 669 832 723 et
849 653 1011 749 proferret
1030 650 1132 742 ultro,
1151 663 1247 743 atque
1270 647 1429 744 vulgaret.
1449 632 1453 642 ⁸

411 771 503 860 Quin
516 787 549 840 et
558 773 736 860 Artabani,
754 773 951 842 Parthorum
964 773 1066 866 regis,
1080 767 1431 852 laceratusestlitteris,

411 891 587 984 parricidia
605 905 638 960 et
652 889 754 960 caedes
773 903 807 959 et
824 889 988 986 ignaviam
1001 905 1033 958 ct
1052 887 1216 956 luxuriam
1232 886 1432 980 objicientis,

412 1009 654 1104 monentisque,
665 1025 703 1080 ut
714 1009 901 1080 voluntaria
912 1023 1019 1078 morte
1035 1007 1433 1100 maxunojustissimoque

412 1127 531 1196 civium
547 1127 623 1196 odio
642 1129 885 1222 quamprimum
899 1127 1106 1197 satisfaceret.
1377 1117 1380 1132 '

462 1247 596 1314 LXVII.
622 1248 791 1315 Postremo
812 1248 983 1340 semetipse
1005 1259 1180 1338 pertaesus,
1204 1243 1261 1312 tali
1288 1241 1432 1336 epistolae

413 1364 574 1458 principio
595 1379 724 1434 tantum
743 1389 809 1433 non
833 1388 994 1432 summam
1017 1362 1179 1432 malorum
1202 1385 1336 1430 suorum
1358 1385 1433 1454 pro·

413 1483 514 1552 sessus
531 1498 601 1552 est:
619 1485 736 1575 «Quid
755 1486 893 1554 scribam
918 1485 1025 1571 vobis,
1043 1499 1150 1578 patres
1170 1483 1364 1576 conscripti,
1378 1495 1434 1549 aut

413 1602 580 1694 quomodo
593 1604 751 1688 scribam,
766 1618 824 1672 aut
842 1601 922 1696 qnid
941 1604 1076 1672 omnino
1097 1627 1164 1670 non
1187 1602 1347 1686 scribam,
1369 1599 1434 1668 hoc

414 1735 578 1813 tempore,
595 1720 639 1788 dii
656 1747 708 1790 me
726 1721 858 1815 deraque
876 1722 968 1814 pejus
988 1721 1147 1815 perdant,
1165 1743 1263 1812 quam
1287 1717 1434 1810 quotidie

414 1841 521 1930 perire
533 1840 654 1924 sentio,
664 1841 690 1907 si
704 1841 806 1909 scio.»
823 1841 1019 1910 Existimant
1027 1837 1176 1932 quidam,
1185 1837 1351 1932 praescissc
1363 1837 1433 1905 haec

413 1981 490 2024 eum
506 1955 624 2049 peritia
639 1955 825 2026 futurorum
840 1984 898 2027 :ac
914 1956 1019 2027 multo
1035 1973 1125 2044 ante,
1144 1971 1266 2050 quauta
1283 1981 1317 2024 se
1330 1979 1435 2048 quan·

414 2073 522 2166 doque
539 2076 697 2145 acerbitas
714 2093 747 2144 et
767 2078 899 2146 infamia
918 2091 1084 2166 maneret,
1102 2077 1323 2170 prospexisse:
1342 2074 1433 2142 ideo·

415 2217 497 2284 que,
514 2208 552 2261 ut
571 2195 743 2287 imperium
759 2197 886 2285 inierit,
902 2212 935 2264 et
954 2220 1073 2266 PATRIS
1091 2219 1223 2266 11111111
1242 2191 1435 2288 appellatio-

415 2335 509 2400 nem,
529 2327 578 2397 et,
593 2337 637 2382 ne
654 2314 688 2382 in
707 2329 779 2382 acta
799 2339 857 2382 sua
870 2316 1047 2408 juraretur,
1065 2314 1314 2383 obstinatissime
1336 2336 1434 2378 recu·

415 2455 518 2517 sasse,
536 2457 577 2500 ne
596 2457 671 2502 111011
691 2435 813 2526 majore
833 2432 991 2503 dedecore
1009 2435 1113 2528 impar
1133 2433 1232 2500 tantis
1252 2430 1435 2498 honoribus

415 2550 627 2619 inveniretur.
653 2553 753 2640 Quod
777 2577 854 2622 sane
876 2568 909 2622 et
931 2579 970 2622 ex
993 2555 1139 2622 oratione
1165 2553 1250 2645 ejus,
1273 2548 1436 2643 quamde

416 2683 553 2763 utraque
573 2695 609 2738 re
626 2671 756 2756 habuit,
772 2670 881 2766 colligi
902 2687 1029 2766 potest:
1044 2670 1094 2740 vel
1112 2695 1214 2764 quum
1230 2672 1295 2755 ait,
1312 2671 1436 2738 «Simi-

415 2784 478 2854 lem
509 2813 543 2856 se
566 2813 694 2883 semper
717 2791 767 2858 sui
793 2790 957 2877 futurum,
980 2815 1039 2860 nec
1062 2813 1207 2882 unquam
1230 2802 1437 2858 mutaturum

340 2991 344 3000 ι
415 2931 521 2976 mores
540 2933 631 2997 suos,
648 2909 806 3002 quamdiu
827 2935 911 2979 sanae
927 2913 1044 2980 mentis
1062 2911 1175 2980 fuisset
1195 2936 1203 2978 :
1220 2909 1276 2978 sed
1292 2908 1437 3002 exempli

414 3048 512 3093 causa
529 3026 710 3096 cavendum
728 3053 815 3117 esse,
836 3053 877 3096 nc
895 3043 1077 3098 serenatus
1096 3029 1131 3097 in
1148 3044 1219 3098 acta
1239 3030 1437 3122 cujusquam

414 3142 587 3237 obligaret,
605 3147 663 3237 qui
686 3143 797 3239 aliquo
820 3173 897 3216 casu
919 3151 1037 3218 mutari
1060 3163 1206 3242 posset.»
1229 3154 1437 3218 Etrursus:

414 3261 474 3329 «si
485 3261 616 3352 quando
629 3278 753 3350 autem,
771 3267 900 3358 inquit,
918 3267 958 3334 de
974 3268 1121 3336 moribus
1133 3269 1228 3354 meis,
1247 3266 1439 3360 devotoque

359 3427 362 3437 ι
412 3380 505 3448 vobis
515 3381 625 3449 animo
634 3381 855 3452 dubitaveritis
869 3384 972 3480 (quod
981 3387 1172 3478 priusquam
1185 3387 1327 3472 eveniat,
1340 3401 1440 3479 opto,

412 3513 450 3565 ut
465 3523 517 3565 me
529 3523 699 3593 supremus
715 3500 783 3570 dies
795 3502 873 3571 huic
884 3517 1017 3572 mutatae
1030 3519 1145 3574 vestrae
1159 3503 1200 3572 de
1216 3529 1268 3574 me
1283 3505 1441 3598 opinioni

411 3615 569 3710 eripiat),
589 3617 670 3686 nihil
689 3620 824 3688 honoris
840 3620 970 3713 adjiciet
989 3623 1070 3690 mihi
1090 3645 1211 3693 rarms
1228 3645 1441 3716 01111111ορ-

409 3731 559 3828 pellatio;
575 3736 666 3804 vobis
680 3751 790 3806 autem
803 3739 1016 3833 exprobrabit
1031 3755 1089 3810 aut
1103 3743 1318 3815 temeritatem
1331 3739 1440 3812 delati

410 3853 490 3922 mihi
502 3853 571 3946 ejus
580 3856 797 3949 cognominis,
813 3871 871 3927 aut
883 3859 1136 3930 inconstantiam
1152 3862 1308 3930 contrarii
1325 3860 1442 3932 deme

408 3969 533 4062 judicii.
547 4000 564 4034 s

456 4091 606 4159 vaffl.
634 4095 781 4186 Corpore
797 4093 858 4161 fuit
875 4094 984 4189 amplo
998 4111 1095 4190 atque
1112 4098 1266 4166 robusto:
1284 4111 1441 4188 statura,
