3098 5446
408 483 462 550 ²⁵4
807 479 836 534 (t
854 477 1027 536 sumunt}

326 589 332 602 ¹
406 621 479 676 cute
492 603 665 690 consterit,
678 605 710 671 in
725 603 775 671 his
790 603 957 697 penatium
974 601 1129 690 deornm,
1145 621 1217 693 que
1227 596 1421 669 mochlbn
1532 583 1533 626 ³

408 724 558 793 restitnit.
1209 789 1213 796 ,

454 843 608 910 XXXIII.
627 835 805 910 Parricidia
825 853 858 908 et
880 839 980 910 cndu
996 863 1017 908 e
1034 835 1171 909 Claudio
1188 861 1322 906 exorsus
1346 853 1420 906 est:

407 960 498 1052 cujus
516 960 602 1028 necis
619 961 680 1030 etsi
695 983 762 1028 non
780 973 907 1048 auctor,
927 973 962 1028 nt
981 959 1131 1027 conscius
1146 956 1225 1044 fuit3
1240 979 1347 1049 neque
1359 955 1422 1025 dis

406 1075 609 1164 simulanter,
628 1092 666 1146 ut
682 1079 738 1170 qui
754 1075 898 1162 boletos,
917 1078 952 1146 in
970 1099 1036 1169 quo
1052 1076 1117 1144 cibi
1133 1097 1250 1170 genere
1261 1097 1422 1143 venenum
1532 1133 1533 1142 ,

406 1197 433 1265 is
459 1209 647 1289 occeperat,
668 1196 761 1288 qussi
780 1194 915 1264 deorum
935 1195 1065 1282 cibum,
1085 1193 1222 1287 posthac
1246 1193 1422 1286 proverbio

406 1337 510 1406 graecc
532 1311 717 1382 collaudare
735 1314 777 1382 sit
794 1310 917 1381 solitus.
937 1315 1035 1382 Certe
1050 1311 1200 1380 omnihus
1218 1335 1330 1379 rerum
1348 1335 1422 1379 ver·

406 1431 586 1523 bonrmque
613 1428 817 1499 contumeliis
841 1445 1008 1500 munuum
1030 1431 1206 1498 insectatus
1228 1444 1295 1516 est,
1323 1429 1423 1497 modo

404 1531 565 1634 stultitiae,
574 1547 673 1616 modo
686 1549 813 1618 saevitiae
825 1573 974 1642 urguens.
985 1549 1072 1618 Nem
1081 1563 1115 1617 et
1123 1555 1248 1618 morari
1254 1571 1328 1616 eum
1339 1550 1425 1616 inter

407 1668 555 1736 homines
582 1666 720 1753 desisse,
743 1667 904 1761 producta
928 1668 1034 1761 prime
1063 1664 1201 1760 syllaba,
1219 1667 1423 1760 jocabatur:

405 1784 573 1878 multaque
594 1783 721 1854 decretu
738 1800 771 1854 et
789 1787 982 1873 constituta,
1001 1799 1038 1854 ut
1054 1786 1235 1878 insipientis
1251 1799 1351 1876 etque
1371 1785 1426 1852 de·

406 1901 477 1990 liri,
493 1928 554 1996 pro
571 1904 672 1972 irritis
695 1904 820 1972 habuit.
837 1905 989 1996 Deniqtoe
1004 1903 1138 1971 bustum
1154 1905 1223 1995 ejus
1242 1903 1425 1996 ccnsepiri,

406 2022 468 2090 nisi
485 2020 603 2090 humili
618 2020 746 2114 levique
763 2023 920 2108 mecerin,
935 2019 1087 2116 neglexit.
1102 2022 1343 2107 Britannicum,
1357 2045 1423 2089 non

406 2139 513 2207 minus
531 2137 737 2208 emulatione
754 2140 858 2228 roris,
873 2163 944 2233 que
959 2137 1006 2207 illi
1020 2139 1199 2232 jucundior
1216 2139 1425 2233 suppetebat,

404 2279 504 2348 quem
522 2269 627 2341 metu,
645 2281 686 2324 ne
704 2256 901 2350 quandoque
919 2255 1007 2350 apud
1023 2257 1193 2326 hominum
1213 2259 1351 2350 gretiam
1370 2281 1426 2349 pe·

406 2387 499 2442 terna
516 2376 673 2442 memorie
690 2373 897 2468 prevaleret,
917 2399 1043 2446 veneno
1058 2399 1230 2470 eggressus
1245 2391 1301 2444 est
1322 2375 1424 2462 Quod

404 2491 750 2584 ecceptnmaqundam
759 2491 1310 2581 Locuste,venenerioruminrlitn,
1321 2517 1424 2586 quum

403 2610 558 2702 opinione
576 2609 701 2679 tardius
719 2611 868 2700 cederet,
881 2625 994 2681 ventre
1008 2611 1106 2680 modo
1124 2613 1302 2682 Britannici
1315 2627 1426 2701 ructo,

403 2731 588 2799 arcessitum
605 2730 775 2800 mulierem
787 2757 845 2802 sua
859 2756 958 2801 manu
976 2733 1172 2816 rubernvit,
1192 2757 1347 2826 urguens,
1363 2757 1426 2826 pro

404 2873 530 2919 veneno
545 2850 726 2920 remedium
745 2851 870 2921 dedisse
890 2878 898 2920 ε
914 2853 1165 2944 excusantique,
1183 2854 1292 2920 minus
1310 2851 1426 2922 datum

404 2965 446 3036 ad
458 2966 685 3036 occultandum
698 2969 850 3038 facinoris
861 2969 1032 3058 invidiom3
1046 2973 1200 3057 «sine»
1217 2969 1341 3062 inquit,
1357 3000 1375 3034 n
1384 2969 1429 3038 le·

318 3121 321 3130 ·
401 3109 477 3178 gem
500 3085 620 3154 Iuliam
645 3088 743 3157 timeo
764 3113 806 3156 :n
828 3090 999 3182 coegitque
1020 3111 1055 3156 se
1079 3111 1188 3158 corum
1213 3089 1248 3156 in
1273 3087 1428 3157 cubiculo

402 3227 502 3294 qnam
529 3220 637 3296 posset
661 3205 898 3277 velocissimum
922 3231 961 3276 cc
985 3201 1245 3301 presenteneum
1272 3231 1428 3300 coquere.

403 3321 529 3390 Deinde
556 3325 589 3392 in
615 3324 708 3394 hedo
732 3341 900 3418 expertus,
918 3341 1091 3419 postquem
1109 3329 1136 3396 is
1159 3328 1305 3420 quinque
1328 3327 1430 3394 horas

403 3444 582 3534 protrusit,
602 3431 722 3513 iterum
737 3469 775 3514 nc
789 3446 905 3540 sepius
926 3461 1111 3532 recoctum,
1129 3443 1275 3538 porcello
1293 3444 1429 3536 objecit.

403 3561 480 3648 Quo
492 3563 602 3630 stetim
614 3565 816 3651 exanimato,
831 3563 943 3632 inferri
957 3565 991 3631 in
1006 3541 1201 3648 triclinium,
1213 3563 1353 3656 darique
1368 3589 1433 3632 cce·

274 3711 280 3722 ·
404 3681 494 3746 nanti
511 3703 620 3748 secum
638 3683 826 3750 Britannico
845 3683 1026 3776 imperavit.
1041 3685 1083 3752 Et
1102 3705 1205 3774 quum
1223 3680 1277 3749 ille
1297 3682 1340 3750 ed
1363 3684 1434 3774 pri·

404 3821 495 3866 nium
513 3813 644 3892 gustum
666 3800 875 3887 concidisset,
892 3799 1047 3870 comitiali
1067 3803 1184 3870 morbo
1199 3824 1236 3868 ex
1253 3816 1435 3880 consuetu-

404 3915 480 3984 dine
507 3933 696 4012 correptnm
720 3919 808 4012 apud
832 3921 983 3988 convivas
1003 3922 1195 4006 ementitus,
1218 3933 1355 4012 postero
1375 3920 1434 3988 die

403 4033 521 4126 raptim
539 4037 624 4105 inter
638 4038 795 4107 maximos
810 4037 929 4106 imbres
948 4035 1148 4107 translaticio
1164 4035 1280 4106 extulit
1298 4038 1433 4106 funere.
