3168 5440
444 681 576 745 futurus
591 689 692 759 esset,
711 672 908 742 ostenderet.
932 675 984 744 Ne
1002 696 1163 768 exsequar
1183 670 1333 766 singula,
1350 685 1466 740 contar·

443 797 542 865 etatis
563 794 744 864 multorum
765 793 945 883 uxoribus,
963 793 1146 864 Domitiam
1167 792 1378 885 Longinam,
1397 789 1484 858 AElio'

444 919 568 986 Lamiae
584 931 740 1010 nuptam,
757 916 855 984 etiam
880 915 914 982 in
932 915 1181 984 matrimonium
1200 911 1339 982 abduxit
1359 936 1367 978 :
1385 925 1468 1004 atque

445 1061 513 1104 uno
539 1035 593 1105 die
607 1061 708 1130 super
728 1036 845 1130 viginti
874 1006 983 1104 officia
1005 1035 1133 1104 urbana
1150 1047 1208 1102 aut
1235 1031 1411 1126 peregrina
1427 1029 1467 1098 di·

444 1157 596 1238 stribuit;
627 1184 644 1219 a
658 1156 773 1226 mirari
804 1180 891 1244 se,a
914 1155 1117 1249 Vespasiano
1143 1153 1333 1240 dictitante,
1358 1181 1376 1215 a
1392 1151 1469 1244 quod

446 1301 665 1346 successorem
685 1301 751 1344 non
769 1290 802 1376 et
819 1275 880 1343 sibi
899 1276 1054 1344 mitteret.
1074 1305 1091 1338 a

492 1399 535 1467 Π.
558 1397 812 1492 Expeditionem
833 1421 972 1492 quoque
985 1397 1019 1466 in
1040 1395 1185 1466 Galliam
1206 1397 1471 1488 Germaniasque,

444 1543 552 1614 neque
581 1517 818 1604 necessariam,
840 1533 874 1586 et
894 1515 1161 1586 dissuadentibus
1182 1517 1328 1610 paternis
1349 1515 1473 1602 amicis,

445 1613 630 1727 inchoavit,
648 1653 777 1707 tantum
798 1653 835 1706 ut
852 1637 944 1706 fratri
963 1662 998 1706 se
1019 1651 1052 1707 et
1069 1635 1226 1731 operibus
1243 1649 1280 1722 et,
1293 1633 1475 1730 dignatione

315 1775 320 1782 “
443 1755 642 1852 adaequaret.
671 1757 726 1827 Ob
746 1757 816 1827 haec
845 1771 1036 1850 correptuS,
1062 1783 1130 1851 quo
1150 1758 1254 1852 magis
1274 1769 1307 1825 et
1326 1757 1428 1824 aetatis
1449 1769 1475 1821 et

418 1933 421 1944 .
443 1875 643 1946 conditionis
660 1877 906 1968 admoneretur,
925 1877 1096 1947 habitabat
1112 1903 1188 1946 cuna
1208 1891 1304 1972 patre
1322 1899 1407 1965 una,
1423 1873 1478 1943 sel·

444 1997 576 2092 lamque
591 1999 668 2094 ¹ejus
684 2025 722 2068 ac
739 1999 869 2086 fratris,
884 2000 1014 2093 quoties
1030 1997 1221 2094 prodirent,
1241 1995 1358 2066 lectica
1376 2019 1478 2088 aeque·

446 2118 546 2186 batur
560 2145 568 2187 ε
582 2144 621 2188 ac
636 2119 842 2214 triumphum
859 2119 1032 2212 utriusque
1044 2117 1215 2212 judaicum
1233 2141 1320 2211 equo
1336 2115 1415 2185 albo
1430 2139 1478 2183 co·

445 2239 580 2307 mitatus
593 2254 651 2307 est.
662 2241 701 2307 ln
710 2265 765 2307 sex
773 2237 998 2308 consulatibus
1010 2262 1075 2306 non
1088 2239 1149 2306 nisi
1160 2261 1262 2307 unum
1277 2237 1478 2307 ordinarium

356 2447 359 2456 Ι
447 2359 567 2450 gessit,
585 2383 728 2452 eumque
746 2357 882 2427 cedente
901 2374 935 2428 et
953 2357 1155 2452 suffragante
1177 2357 1288 2426 fratre.
1311 2355 1480 2426 Simulavit

444 2492 478 2546 et
497 2479 567 2573 ipse
585 2481 668 2547 mire
687 2461 883 2570 modestiam
894 2500 907 2559 ;·
924 2479 1143 2574 inprimisque
1163 2479 1300 2572 poeticae
1318 2477 1482 2560 studium,

444 2613 510 2668 tam
529 2599 693 2669 insuetum
712 2615 809 2670 antea
830 2599 912 2688 sibi,
928 2623 1028 2694 quam
1049 2613 1160 2693 postea
1178 2612 1328 2692 spretum
1346 2613 1383 2666 et
1401 2597 1484 2690 abje-

443 2731 534 2786 ctum
554 2745 562 2786 :
580 2721 797 2813 recitamtque
816 2719 914 2787 etiam
932 2715 1072 2813 publice.
1091 2719 1162 2787 Nec
1178 2731 1288 2784 tamen
1306 2741 1348 2785 eo
1366 2719 1484 2800 secius,

446 2863 550 2932 quum
573 2819 761 2935 vologesus
785 2838 985 2908 Parthorum
1006 2863 1061 2908 rex
1079 2831 1204 2906 auxilia'
1227 2837 1394 2908 adversus
1420 2836 1488 2906 Ala·

444 2983 521 3046 nos,
542 2957 728 3054 ducemque
753 2957 893 3029 alterurn
912 2983 952 3028 ex
977 2959 1168 3052 Vespasiani
1190 2956 1318 3044 liberis,
1339 2956 1488 3052 depopo-

442 3080 576 3166 scisset,
594 3081 685 3147 ornni
705 3103 769 3175 ope
787 3077 979 3167 contendit,
998 3094 1036 3147 ut
1056 3079 1126 3172 ipse
1144 3078 1361 3173 potissimum
1381 3079 1489 3146 mitte·

442 3213 543 3268 retur.
566 3201 606 3269 lit
626 3201 704 3294 quia
724 3198 870 3269 discussa
888 3223 939 3268 res
960 3213 1030 3285 est,
1050 3193 1131 3267 alios
1148 3189 1296 3267 Orientis
1319 3221 1440 3293 reges,
1460 3209 1492 3263 ut

442 3315 530 3388 idem
554 3318 776 3414 postularent,
802 3317 897 3388 donis
918 3343 956 3388 ac
983 3317 1280 3413 pollicitationibus
1308 3316 1502 3416 sollicitare
1555 3389 1556 3404 ἶ

395 3447 396 3452 ’
444 3442 594 3510 tentavit.
611 3444 711 3511 Patre
730 3423 904 3527 dehncto,
922 3439 978 3507 diu
996 3451 1190 3527 cunctatus,
1205 3461 1248 3507 an
1265 3437 1420 3533 duplum
1437 3421 1502 3505 do¹
1555 3455 1556 3460 ’

441 3563 591 3632 nativum
606 3559 703 3632 militi
717 3561 869 3648 offerret,
884 3584 1053 3655 nunquam
1066 3561 1189 3654 jactare
1203 3557 1399 3646 dubitavit,
1417 3579 1495 3626 are·

440 3679 556 3750 lictum
575 3707 609 3751 se
635 3683 829 3776 participem
857 3682 1008 3777 imperii,
1025 3679 1082 3749 sed
1107 3677 1255 3748 fraudem
1283 3691 1495 3748 testamento

440 3797 663 3872 adhibitam.»
686 3803 804 3896 Neque
829 3802 968 3871 cessarit
992 3827 1032 3872 ex
1058 3824 1098 3870 eo
1116 3799 1250 3869 insidias
1271 3813 1418 3869 struere
1436 3799 1497 3868 sra-

441 3922 482 3988 tri
501 3920 586 3991 clam
605 3920 804 4017 palamque:
821 3923 933 4017 quoad
950 3935 1139 4016 comptum
1159 3919 1250 4014 gravi
1270 3918 1496 4004 valetudine,

441 4041 531 4131 prius
555 4067 656 4136 quarn
674 4041 771 4136 plane
794 4041 921 4111 efflaret
945 4043 1111 4131 animam,
1132 4065 1194 4136 pro
1218 4055 1368 4110 mortuo
1392 4041 1497 4110 deseri
1555 4073 1556 4128 3

439 4159 559 4250 jussit:
579 4161 838 4256 defunctumque
866 4160 958 4230 nullo
979 4175 1196 4257 preterquam
1217 4163 1500 4231 consecrationis
1555 4169 1556 4182 ¹

443 555 480 610 aa
848 549 879 606 e.
901 522 1084 604 'sunroun

1555 2695 1556 2740 l
