3168 5440
344 580 396 637 un
414 581 547 637 enims
567 578 810 636 nannumnus
830 579 951 635 nmen.
1124 595 1161 650 99

124 703 357 796 subtractoque
375 705 527 792 nomine,
541 733 558 768 α
571 701 813 774 hordeaciumi
838 726 914 771 eum
931 702 1129 771 «rhetorem
1146 731 1162 768 a

123 822 284 919 appellat,
306 823 479 913 deridens,
506 839 544 894 ut
568 824 723 893 inllutum
739 847 779 893 ac
798 819 904 892 levem
920 837 955 891 et
977 820 1160 892 sordidum.

168 947 229 1015 111.
252 949 291 1015 L.
308 944 472 1016 Otacilius
491 943 610 1015 Pilitus
629 945 769 1015 servisse
789 943 925 1033 dicitur,
939 957 1040 1038 atque
1057 945 1158 1013 etiam

123 1065 276 1134 ostiarius
293 1067 397 1135 veteri
422 1090 515 1135 more
535 1067 570 1134 in
586 1081 703 1136 catena
728 1064 851 1155 luisse3
872 1063 979 1134 donec
1003 1063 1047 1133 ob
1065 1066 1160 1160 inge-

123 1187 216 1265 nium
231 1209 270 1256 ac
288 1186 436 1256 studium
450 1185 635 1256 litterarum
654 1188 896 1275 manumissus,
914 1188 1083 1256 accusanti
1099 1209 1160 1281 pa-

121 1321 220 1376 trono
249 1307 455 1403 subscripsit.
488 1307 618 1378 Deinde
649 1307 849 1378 rhetoricam
880 1305 1068 1402 professus,
1097 1310 1161 1378 Cn.

121 1427 316 1521 Pompeium
338 1429 499 1522 Magnum
524 1428 657 1512 docuit,
679 1429 850 1522 patrisque
867 1431 939 1521 ejus
959 1449 1011 1497 res
1031 1442 1162 1522 gestas,

122 1569 183 1615 nec
203 1545 315 1615 minus
339 1547 462 1640 ipsius,
487 1545 715 1641 compluribus
731 1543 825 1615 libris
842 1547 1011 1640 exposuit3
1032 1548 1160 1642 primus

121 1667 274 1735 omnium
298 1665 549 1753 libertinorum,
577 1681 615 1736 ut
642 1663 817 1737 Cornelius
844 1669 958 1760 Nepos
987 1667 1164 1761 opinatur,

121 1785 265 1855 scribere
280 1786 454 1856 historiam
474 1811 589 1874 orsus,
605 1811 672 1855 non
691 1787 756 1855 nisi
768 1787 811 1857 ab
829 1786 1063 1858 honestissimo
1081 1813 1164 1882 quo·

121 1929 186 1997 que
201 1904 302 1974 scribi
322 1901 464 1975 solitam.

167 2027 230 2095 tv.
245 2025 298 2095 Ad
314 2024 349 2094 id
365 2037 494 2121 tempus
510 2025 668 2121 Epidius,
685 2025 853 2096 calumnia
872 2041 1029 2115 notatus,
1047 2025 1164 2096 ludum

122 2143 253 2215 dicendi
271 2147 403 2240 aperuit
422 2171 430 2214 ε
451 2144 630 2239 docuitque
650 2147 737 2215 inter
755 2160 883 2215 ceteros
897 2149 945 2216 Μ.
961 2147 1163 2233 Antonium,

121 2281 155 2335 et
174 2269 375 2361 Augustum.
397 2266 530 2354 Quibus
554 2265 723 2359 quondam
743 2268 781 2336 C.
800 2267 982 2356 Canutius,
1004 2266 1165 2360 objicien-

121 2386 209 2454 tibus
226 2386 307 2474 sibi,
324 2385 415 2479 quod
430 2387 464 2454 in
482 2384 654 2480 republica
672 2384 935 2455 administranda
953 2387 1163 2478 potissimum

120 2504 306 2574 consularis
320 2506 458 2574 lsaurici
474 2518 596 2574 sectam
613 2518 824 2598 sequeretur,
839 2533 856 2570 r
869 2502 984 2591 Malle,
994 2535 1012 2569 r
1029 2529 1167 2600 respon·

120 2625 216 2713 dit,u
236 2626 396 2696 «hanrici
410 2649 482 2694 esse
496 2623 716 2720 discipulum,
735 2649 834 2717 quam
853 2623 964 2718 Epidii
979 2623 1165 2694 calumnia·-

121 2747 246 2815 toris.»
266 2747 329 2814 Hic
347 2744 485 2840 Epidius
503 2760 616 2816 ortum
638 2769 672 2814 se
689 2743 732 2814 ab
752 2743 872 2838 Epidio
893 2745 1070 2814 Nunciune
1086 2771 1169 2841 prae·

120 2865 256 2935 dicabat
275 2891 284 2935 a
302 2883 402 2960 quem
416 2865 528 2935 lerunt
541 2863 621 2934 olim
640 2865 882 2959 precipitatum
905 2865 939 2932 iu
958 2863 1085 2933 fontem
1104 2864 1167 2934 llu-

119 2987 222 3056 minis
247 2987 364 3074 Sarni,
393 2985 493 3081 paulo
522 2999 597 3080 post
622 3009 700 3054 cum
730 2984 888 3054 cornibus
918 2985 1101 3074 exstitisse,
1128 3009 1168 3054 ac

118 3107 232 3176 statim
248 3131 316 3176 non
331 3107 569 3200 comparuisse,
581 3107 614 3173 in
631 3127 839 3199 numeroque
849 3103 989 3174 deorum
1003 3105 1166 3174 habitum.

171 3229 213 3296 V.
232 3229 353 3296 Sextus
375 3225 530 3314 Clodius,
551 3249 570 3294 e
590 3224 723 3312 Sicilia,
743 3223 853 3293 latina
869 3223 969 3294 simul
987 3224 1168 3319 preceque

117 3347 320 3444 eloquentiae
348 3347 536 3442 professor,
563 3344 648 3414 male
673 3343 840 3432 oculatus,
870 3359 904 3414 et
931 3344 1048 3435 dicax,
1076 3370 1170 3440 «par

116 3467 298 3540 oculorum
319 3469 353 3536 in
372 3469 517 3537 amicitia
530 3470 578 3536 M.
590 3467 729 3536 Antonii
747 3467 912 3535 triumviri
928 3467 1066 3535 extris'se
1080 3491 1134 3552 se,
1150 3495 1168 3531 s

114 3589 243 3660 aiebat.
258 3588 415 3682 Ejusdem
431 3611 567 3657 uxorem
581 3585 746 3673 Fulviam,
763 3588 819 3655 cui
837 3585 941 3658 alterii
954 3587 1060 3656 bucca
1073 3586 1168 3655 iolla-

112 3713 188 3781 tior
201 3725 295 3796 erat,
313 3731 485 3778 «acumen
506 3707 574 3778 stili
590 3721 766 3796 teutarc,n
783 3706 883 3796 dixit,
902 3731 964 3776 nec
980 3730 1021 3777 eo
1040 3708 1168 3794 minus,

111 3835 225 3901 immo
253 3829 305 3900 vel
327 3831 449 3925 magis,
472 3829 516 3898 ob
535 3829 600 3900 hoc
626 3829 774 3900 Antonio
798 3841 924 3923 gratus.
947 3831 975 3898 Α
1004 3851 1072 3921 quo
1094 3849 1170 3896 mox

108 3951 259 4025 consule
280 3954 396 4048 ingens
414 3953 515 4020 etiam
534 3951 742 4046 congiarium
760 3951 909 4044 accepit,
929 3963 967 4018 ut
984 3949 1014 4017 ei
1036 3949 1070 4016 in
1087 3947 1167 4016 Phi·

108 4074 255 4172 lippicis
275 4075 394 4142 Cicero
412 4071 527 4166 objicit
545 4097 552 4138 :
571 4069 748 4140 ‹rlldhibes
763 4071 830 4164 joci
852 4093 951 4138 causa
969 4070 1166 4163 magistrum
1253 4135 1256 4142 ,

105 4195 283 4288 suffragio
308 4208 382 4278 tuo,
405 4207 436 4260 et
462 4185 695 4287 compotorum
720 4205 878 4280 tuorum,
906 4190 1094 4278 rhetorem3
1113 4191 1167 4258 cui
