3168 5440
437 475 474 532 68
847 475 876 532 C.
896 477 1073 534 sumtum

435 629 454 672 e
471 602 602 674 diverso
618 621 738 697 magna
755 627 840 696 sape
854 626 922 670 non
938 603 1147 672 abstinentiae
1161 602 1281 692 modo,
1300 605 1358 674 sed
1374 607 1469 676 etiam

435 721 665 805 liberalitatis,
696 723 929 816 experimenta.
960 726 1088 792 Omnes
1116 725 1203 793 circa
1230 747 1265 794 se
1294 722 1471 820 largissime
1566 788 1567 810 ,

436 858 651 938 prosecutus,
683 841 766 912 nihil
791 844 884 937 prius
913 857 971 912 aut
1002 845 1112 914 acrius
1130 847 1282 934 monuit,
1306 870 1407 940 quam
1434 871 1473 916 ne
1566 855 1567 882 ⁴

436 962 516 1058 quid
537 962 670 1033 sordide
697 963 850 1032 facerent.
878 962 1019 1034 Relictas
1039 965 1101 1034 sibi
1123 964 1323 1035 hereditates
1348 967 1388 1036 ab
1413 969 1474 1057 iis,

435 1083 556 1178 quibus
575 1082 669 1153 liberi
686 1097 799 1168 erant,
819 1108 886 1152 nou
915 1085 1050 1178 recepit.
1068 1087 1228 1179 Legatum
1246 1087 1345 1156 etiam
1365 1111 1407 1155 ex
1433 1102 1475 1156 te·

435 1218 598 1274 stamento
624 1205 726 1274 Rusci
753 1205 936 1299 Caepionis,
956 1205 1013 1297 qui
1040 1221 1188 1294 caverat,
1207 1235 1224 1270 α
1242 1221 1281 1276 ut
1296 1209 1475 1300 quotannis

435 1316 697 1420 ingredientibus
716 1327 854 1396 Curiam
871 1325 1079 1395 senatoribus
1096 1341 1221 1396 certam
1240 1351 1405 1398 summam
1426 1329 1474 1396 vi-

434 1447 525 1514 ritim
551 1459 720 1540 praestaret
743 1445 838 1514 heres
866 1469 997 1528 suus,a
1026 1447 1157 1514 irritum
1184 1446 1271 1515 fecit.
1294 1451 1398 1536 Reos,
1418 1450 1476 1541 qui

434 1581 511 1636 ante
530 1567 795 1659 quinquennium
822 1567 1009 1658 proximum
1026 1565 1116 1659 apud
1132 1567 1284 1636 serarium
1305 1567 1476 1660 pependis-
1496 1563 1500 1570 ’
1568 1615 1569 1636 .

435 1701 521 1772 sent,
535 1688 708 1756 universos
720 1685 911 1754 discrimine
924 1682 1091 1774 liberavit,
1106 1711 1167 1755 nec
1177 1687 1297 1780 repeti,
1312 1689 1376 1756 nisi
1388 1688 1474 1756 intra

434 1833 579 1896 annum,
599 1831 704 1901 eaque
721 1805 930 1893 conditione,
948 1807 1116 1901 permisit,
1136 1821 1172 1876 ut
1192 1809 1397 1896 accusatori,
1417 1808 1475 1900 qui

434 1953 567 1998 causam
585 1953 654 1996 non
674 1941 819 2012 teneret,
837 1924 990 1996 exsilium
1007 1949 1103 2019 poena
1120 1941 1214 1995 esset.
1237 1927 1370 1997 Scribas
1388 1953 1478 2022 quae·
1569 1946 1570 1950 ’

434 2049 575 2134 storios,
603 2049 810 2142 negotiantes
836 2071 877 2116 ex
895 2045 1156 2134 consuetudine,
1177 2046 1234 2116 sed
1260 2062 1377 2116 contra
1393 2047 1477 2116 Clo·

351 2255 353 2264 ,
437 2167 527 2236 diam
550 2167 673 2262 legem,
702 2168 797 2236 vcnia
821 2169 856 2236 in
884 2167 1087 2260 praeteritum
1115 2167 1261 2236 donavit
1287 2169 1477 2257 Subsicivn,

434 2311 509 2381 quae
529 2288 642 2357 divisis
659 2313 719 2382 per
734 2302 908 2358 veteranos
927 2286 1034 2382 agris,
1059 2289 1198 2381 carptim
1222 2287 1478 2381 superfuerunt,

435 2409 604 2478 veteribus
624 2408 883 2503 possessoribus,
899 2422 938 2476 ut
955 2422 1133 2500 usucapta‚
1145 2408 1318 2477 concessit.
1335 2410 1480 2480 Fiscales

434 2528 619 2600 calumnias
640 2553 762 2625 magna
780 2526 1058 2598 calumniantium
1076 2552 1174 2621 poena
1194 2530 1349 2623 repressit
1368 2555 1377 2598 :
1396 2530 1480 2600 fere·

432 2651 597 2744 baturque
609 2675 675 2719 ror
693 2651 763 2744 ejus
783 2675 790 2716 :
810 2649 1018 2742 «Princeps,
1035 2649 1093 2741 qui
1113 2647 1277 2720 delatores
1293 2656 1479 2724 uon'casti·

433 2786 507 2864 gat,
527 2773 645 2840 irritat.
660 2800 676 2836 a

483 2893 527 2960 X.
550 2891 614 2961 Sed
633 2917 740 2985 neque
756 2891 792 2960 in
809 2889 1009 2979 clementia,
1028 2915 1134 2984 neque
1146 2891 1412 2961 inabstinentia
1434 2909 1480 2962 te-

436 3036 518 3080 nore
535 3012 718 3105 permansit
733 3037 740 3078 :
757 3026 910 3079 ettamen
927 3009 1098 3103 aliquanto
1109 3007 1247 3080 celerius
1260 3010 1302 3080 ad
1317 3014 1481 3082 saevitiam

434 3130 588 3218 descivit,
603 3156 703 3224 quam
721 3130 763 3200 ad
783 3130 1011 3224 cupiditatem.
1025 3129 1236 3224 Discipulum
1250 3131 1380 3200 Paridis
1393 3159 1483 3228 pan·

433 3251 561 3318 tomimi
573 3251 777 3345 impuberem
789 3251 910 3337 adhuc,
924 3265 1068 3343 etquuur
1083 3251 1226 3319 maxime
1235 3275 1372 3344 aegrum,
1383 3253 1482 3345 quod

432 3385 502 3440 arte
520 3370 692 3463 formaque
716 3395 783 3439 non
812 3369 970 3440 absimilis
994 3371 1154 3464 magistro
1174 3369 1366 3456 videbatur,
1385 3373 1484 3440 occi-

432 3489 482 3560 dit
502 3517 509 3560 :
529 3492 607 3560 item
623 3495 865 3585 Hermogenem
883 3493 1093 3578 Tarsensem,
1109 3504 1245 3584 propter
1260 3490 1427 3584 quasdam
1448 3493 1484 3558 in

432 3611 569 3682 historia
588 3611 727 3706 figuras3
745 3611 889 3680 librariis
908 3613 1027 3698 etiam,
1043 3611 1099 3704 qui
1122 3635 1195 3679 eam
1215 3611 1484 3706 descripserant,

432 3734 523 3802 cruci
548 3731 631 3800 lixis.
652 3729 941 3819 patremfamilias,
961 3730 1051 3825 quod
1067 3731 1259 3800 «Thracem
1276 3729 1485 3802 mirmilloni

431 3877 565 3947 parem,
586 3853 776 3921 munerario
799 3854 988 3946 imparem»
1012 3851 1158 3939 dixerat,
1182 3849 1370 3920 detractum
1400 3877 1486 3946 spe·

431 3974 567 4044 ctaculis
598 3976 632 4043 in
654 3999 806 4058 arenam,
829 3973 967 4043 canibus
994 3972 1133 4066 objecit,
1155 3996 1231 4040 curn
1256 3972 1320 4040 hoo
1344 3971 1453 4042 titulo
1478 3998 1487 4040 ι

432 4095 565 4190 «impie
581 4093 712 4164 locutus
728 4091 959 4189 parmularius.
975 4123 992 4157 a
1011 4089 1210 4187 Complures
1228 4107 1426 4180 senatores,
1450 4095 1489 4162 in
