3138 5438
416 505 446 560 C
467 505 597 561 IULIUS
616 500 757 562 CAESAR.
1069 511 1106 562 33

108 623 179 693 duxit
192 649 346 718 unquam,
365 629 428 696 nisi
446 624 693 724 perspeculatus
712 629 862 698 locorum
881 629 979 716 situs;
999 655 1107 724 neque

107 746 131 810 in
150 745 333 814 Britanniam
357 749 558 835 transvexit,
583 750 646 816 nisi
671 764 747 818 ante
771 771 831 842 per
856 772 891 818 se
914 763 1051 842 portus,
1074 764 1108 818 et

107 863 333 956 navigationem,
357 878 391 932 et
413 888 578 934 necessum
600 865 643 934 ad
665 865 806 936 insulam
829 864 1039 960 explorasset.
1062 871 1108 937 At

108 979 188 1068 idem,
204 982 386 1050 obsessione
402 998 586 1052 castrorum
605 986 642 1052 in
660 987 840 1054 Germania
859 986 1029 1074 nuntiata,
1046 1009 1107 1080 per

106 1099 230 1168 statioms
246 1099 392 1168 hostium
416 1100 534 1195 gallico
559 1103 675 1171 habitu
696 1105 882 1198 penetravit
903 1103 945 1172 ad
967 1129 1054 1172 suos.
1077 1109 1106 1176 A

107 1216 248 1286 Brundisio
280 1219 502 1313 Dyrrachium
533 1221 619 1290 inter
651 1224 819 1316 oppositas
852 1219 969 1290 classes
1000 1221 1107 1291 hieme

106 1339 269 1424 transmisit,
290 1340 558 1432 cessantibusque
579 1341 700 1434 copiis,
718 1365 800 1433 quas
823 1341 978 1434 subsequi
996 1340 1104 1434 jusse-

103 1469 154 1538 rat,
170 1481 261 1548 quum
281 1456 325 1524 ad
345 1458 553 1527 arcessendas
570 1458 693 1528 frustra
712 1483 796 1552 saepe
815 1460 973 1549 misisset,
993 1461 1104 1529 novis-

104 1573 163 1641 sime
174 1575 234 1668 ipse
248 1573 335 1644 clam
349 1591 449 1644 noctu
464 1575 641 1671 parvulum
655 1577 822 1671 navigium
841 1575 930 1645 solus
946 1575 1106 1646 obvoluto

103 1693 184 1784 eapite
203 1695 410 1782 conscendit3
433 1719 539 1788 neque
560 1709 636 1783 aut,
658 1697 732 1788 quis
750 1710 851 1783 esset,
872 1710 948 1764 ante
966 1695 1105 1784 detexit,

101 1825 143 1879 aut
156 1813 402 1906 gubernatorem
419 1813 533 1883 cedere
549 1813 691 1884 adversae
708 1816 892 1908 tempestati
909 1839 1023 1908 passus
1037 1830 1104 1903 est,

101 1955 178 2020 quam
194 1959 283 2028 paene
305 1934 443 2003 obrutus
462 1933 627 2002 fluctibus.

133 2053 207 2120 LIX.
230 2055 283 2122 Ne
309 2051 465 2148 religione
489 2052 623 2147 quidem
649 2049 716 2121 ulla
738 2078 759 2121 a
781 2078 948 2148 quoquam
974 2055 1105 2148 incepto

100 2167 262 2240 absterritus
278 2196 428 2264 unquam
444 2170 496 2240 vel
513 2169 698 2240 retardatus
716 2185 776 2241 est.
791 2173 905 2260 Quum
923 2170 1103 2240 immolanti

99 2287 249 2383 aulirgisset
273 2291 404 2379 hostia,
426 2290 664 2386 profectionem
683 2288 839 2358 adversus
863 2291 1051 2384 Scipionem
1072 2303 1106 2357 et

97 2407 190 2476 lubam
210 2435 278 2478 non
305 2408 441 2479 distulit
466 2406 643 2504 Prolapsus
660 2409 760 2477 etiam
783 2409 817 2475 in
839 2432 971 2502 egressu
993 2409 1104 2490 navis,

100 2547 171 2594 verso
191 2527 231 2596 ad
252 2527 374 2598 melius
398 2529 525 2618 omine,
548 2533 654 2597 Teneo
677 2541 726 2612 te,
748 2527 874 2619 inquit,
897 2527 1029 2616 Asn'ca.
1053 2521 1105 2594 Ad

97 2641 246 2716 eludendas
259 2663 375 2716 autem
391 2647 655 2734 vaticinationes,
670 2644 790 2739 quibus
807 2643 929 2713 saliret
946 2645 1105 2712 invictum

96 2761 169 2832 iura
192 2767 365 2861 provincia
388 2762 531 2848 fataliter
555 2765 746 2859 Scipionum
773 2787 896 2830 nomeu
921 2761 1105 2849 serebatur,

96 2867 354 2976 despectissimum
367 2883 533 2978 quendam
546 2909 585 2952 ex
602 2879 834 2954 Corneliorum
847 2903 981 2975 genere,
996 2882 1050 2948 cui
1064 2880 1106 2948 ad

94 3005 288 3094 opprobrium
316 3005 392 3073 vita
416 3001 577 3074 Salutioui
604 3025 787 3096 cognomen
815 3013 907 3087 erat,
932 3001 966 3068 in
991 2999 1106 3068 castris

95 3141 182 3191 toeum
197 3124 328 3194 habuit.
795 3205 802 3220 ι

126 3242 187 3310 Lll.
211 3241 345 3312 Proelia.
359 3267 426 3310 non
449 3256 580 3312 tantum
602 3239 782 3327 destinato,
802 3238 858 3308 sed
876 3263 915 3308 ex
936 3240 1107 3308 occasione

93 3360 234 3452 sumebat;
253 3387 293 3432 ac
313 3387 398 3456 saepe
416 3362 589 3430 abitinere
606 3361 732 3447 statim,
752 3358 917 3427 interdum
933 3359 1105 3452 spurcissi-

95 3479 141 3545 nis
150 3482 411 3576 tempestatibus,
419 3504 522 3573 quum
538 3480 673 3548 minime
682 3479 756 3572 quis
763 3491 932 3545 moturum
945 3490 1104 3570 speraret:

93 3619 138 3664 use
157 3602 215 3669 uisi
239 3616 394 3696 tempore
418 3611 564 3667 extremo
587 3597 629 3666 ad
653 3593 875 3666 'dimicandum
899 3595 1107 3664 cunctantior

91 3711 175 3789 fictus
192 3735 258 3810 est;
279 3745 349 3814 quo
368 3721 486 3814 saepius
507 3719 654 3804 vicisset,
676 3718 741 3786 hoc
762 3717 872 3784 minus
893 3712 1107 3808 experiendos

90 3857 166 3905 tastu
190 3842 355 3934 opinanS,
383 3836 532 3930 nihilque
556 3861 590 3906 se
618 3849 748 3904 tantum
776 3836 1012 3928 acquisiturum
1038 3831 1106 3897 vic-

88 3957 175 4044 toria,
196 3973 367 4052 quantum
390 3955 519 4025 auferre
544 3954 711 4024 calamitas
738 3969 856 4048 posset.
882 3949 1022 4022 Nullum
1045 3973 1107 4017 un-

89 4095 170 4162 quam
191 4077 326 4147 hostem
352 4075 455 4163 fudit,
480 4077 560 4168 quin
586 4076 700 4143 castris
722 4098 854 4166 quoque
875 4084 1007 4138 exueret
1030 4094 1039 4137 r
1065 4069 1108 4136 ita

212 4221 235 4264 r.
925 4186 946 4257 3
