3114 5446
434 527 491 584 216
837 527 868 584 C.
890 527 1065 586 suntuna

431 657 570 728 cationis
585 655 778 749 Pompeiani
796 653 936 742 theatri,
951 653 1041 748 quod
1058 653 1247 722 ambustum
1263 655 1452 744 restituerat,

430 803 450 848 e
476 777 633 850 tribunali
657 779 764 873 posito
787 777 822 844 in
842 774 1009 845 elchana
1034 773 1212 861 commisit,
1242 796 1345 866 quum
1373 776 1452 867 prius

430 897 520 994 apud
537 898 721 992 superiores
739 895 824 966 edes
840 892 1076 989 supplicasset,
1100 915 1225 988 perque
1244 892 1388 962 mediam
1407 917 1452 962 ca·

426 1041 542 1107 ¹ream,
569 1015 759 1090 sedentibus
786 1041 826 1084 ae
854 1013 1026 1084 silentibus
1056 1017 1199 1102 cunetis,
1230 1009 1450 1082 descendisset.

428 1139 518 1216 Fecit
545 1151 579 1210 et
606 1134 784 1224 seculares,
811 1136 905 1230 quasi
930 1133 1128 1228 anticipatos
1146 1132 1189 1202 ab
1209 1134 1379 1228 Augusto,
1399 1157 1451 1202 nee

427 1256 575 1352 legitimo
593 1257 733 1352 tempori
756 1268 964 1326 reservatos:
991 1254 1143 1348 quamvis
1164 1253 1234 1347 ipse
1256 1254 1291 1322 in
1314 1251 1451 1322 historiis

427 1379 494 1448 suis
515 1376 655 1470 prodet,
681 1376 915 1445 «intermissos
940 1399 997 1443 eos
1020 1377 1205 1467 Augustum
1223 1370 1337 1446 ¹multo
1360 1387 1450 1467 post,

426 1495 673 1592 diligentissime
693 1519 857 1564 annorum
880 1495 1009 1563 ratione
1035 1492 1215 1578 subducta,
1241 1495 1276 1560 in
1305 1492 1449 1563 ordinem

425 1615 632 1712 redegisse.»
658 1617 774 1704 Quare
799 1639 863 1684 vox
885 1613 1045 1709 preconis
1070 1613 1164 1682 irrisa
1194 1625 1261 1701 est,
1287 1613 1451 1683 invitantis

423 1761 515 1806 more
531 1734 683 1806 sollemni
699 1733 741 1802 ad
754 1732 865 1819 ludos,
877 1761 893 1796 s
903 1757 987 1826 quos
1005 1755 1064 1800 nec
1077 1744 1255 1826 spectasset
1269 1733 1450 1825 quisquam,

423 1881 486 1924 nec
511 1867 720 1950 spectaturus
742 1866 874 1938 esset3e
893 1857 998 1944 quum
1021 1863 1230 1944 superessent
1247 1850 1373 1938 adbuc,
1398 1852 1451 1944 qui

423 1987 673 2070 spectaverant,
705 1987 738 2041 et
765 1971 902 2065 quidam
926 1971 1145 2064 histrionum,
1174 1970 1325 2064 producti
1356 1970 1464 2058 olim,

423 2109 504 2162 tunc
522 2117 657 2186 quoque
674 2090 948 2186 producerentur.
962 2092 1133 2161 Circenses
1153 2089 1341 2184 frequenter
1355 2092 1450 2160 etiarn

422 2217 457 2282 in
473 2214 637 2283 Vaticano
654 2211 832 2300 commisit,
853 2235 1094 2306 nonnunquam
1112 2193 1282 2304 interjecta
1302 2235 1365 2307 per
1382 2214 1453 2306 qui·

420 2357 482 2404 nos
509 2331 637 2404 missus
653 2331 837 2399 venatione.
866 2332 965 2400 Circe
991 2355 1069 2399 vero
1094 2331 1238 2400 maxime
1259 2334 1451 2402 marmoreis

419 2451 621 2539 carceribus,
639 2451 828 2544 auratisque
843 2452 954 2539 metis,
971 2475 1044 2544 quae
1060 2465 1200 2544 utraque
1216 2465 1250 2520 et
1261 2450 1402 2545 tophina
1416 2475 1454 2520 sc

419 2569 526 2666 lignea
542 2585 638 2672 antea
658 2569 804 2658 fuerant,
822 2568 973 2659 exculto,
991 2571 1126 2664 propria
1143 2569 1353 2640 senatoribus
1374 2595 1453 2642 con·

419 2691 527 2760 stituit
549 2689 640 2778 loca,
669 2691 855 2784 promiscue
880 2704 1027 2784 spectare
1051 2687 1165 2758 solitis.
1190 2694 1238 2759 Ac
1254 2715 1358 2786 super
1375 2715 1456 2785 qua·

418 2807 587 2904 drigarum
600 2811 781 2878 certamina
796 2809 902 2902 Trojae
920 2807 1030 2877 lusum
1042 2809 1205 2898 exhibuit,
1218 2823 1251 2878 et
1266 2809 1456 2899 Africanas,

418 2930 610 2999 conficiente
625 2919 735 2998 turma
754 2927 904 3022 equitum
922 2925 1211 3022 pretorianorum,
1231 2927 1377 3000 ducibus
1396 2931 1456 2998 tn'·

417 3047 527 3136 bunis,
544 3049 682 3141 ipsoque
696 3047 869 3141 prefecto:
887 3059 1047 3140 praeterea
1060 3045 1219 3116 thessalos
1232 3049 1382 3142 equites,
1398 3051 1457 3142 qui

418 3167 504 3236 feros
523 3181 636 3236 tauros
656 3191 716 3261 per
734 3168 838 3262 spatia
859 3169 950 3236 Circi
972 3181 1091 3262 agunt,
1108 3153 1326 3262 insiliuntque
1347 3169 1460 3240 deses·

417 3313 486 3372 sos,
497 3303 530 3356 et
543 3286 585 3356 ad
594 3301 715 3356 terram
725 3287 880 3356 cornibus
894 3287 1082 3358 detrahunt.
1097 3287 1302 3359 Gladiatoria
1312 3315 1470 3364 munera.

416 3405 622 3501 plurifariam
651 3431 688 3475 ac
719 3405 914 3500 multiplicia
939 3407 1107 3496 exhibuit3
1133 3410 1405 3480 anniversarium
1426 3412 1461 3480 in

417 3527 531 3594 castris
548 3527 768 3620 praetorianis,
788 3527 859 3594 sine
875 3527 1049 3596 venatione
1065 3543 1309 3622 apparatuque;
1321 3529 1463 3626 J’ustum

416 3660 517 3738 atque
538 3643 720 3738 legitimum
743 3647 776 3712 in
796 3645 923 3740 Septis;
950 3645 1072 3715 ibidem
1096 3647 1409 3720 extraordinarium
1428 3667 1464 3720 et

414 3765 530 3851 breve,
553 3763 747 3857 dierumque
762 3789 963 3858 paucorum,
984 3764 1140 3859 quodque
1158 3765 1329 3861 appellare
1356 3774 1466 3866 coepit

414 3884 617 3980 sportulam,
643 3885 721 3976 quia
747 3885 891 3978 primum
915 3883 1054 3954 daturus
1075 3885 1236 3974 edixerat,
1261 3887 1394 3960 «velut
1421 3891 1466 3960 ad

415 4004 557 4072 subitam
576 4002 828 4097 condictamque
845 4002 1008 4072 coenulam
1026 4005 1167 4074 invitare
1186 4031 1221 4075 se
1240 4007 1465 4101 populum.»

414 4123 484 4192 Nec
513 4121 584 4192 ullo'
609 4122 787 4217 spectaculi
811 4149 930 4220 genere
957 4128 1249 4198 communierant
1279 4134 1469 4205 remissior
