3108 5434
372 493 428 536 tan
778 485 808 538 C.
828 483 1004 541 suanouu

370 605 412 676 de
423 607 567 702 praemiis
583 607 868 701 tyrannicidarum
887 608 1099 678 referendum
1114 607 1252 678 censuit.
1265 609 1419 675 Praetnra

254 793 258 806 ,
371 725 492 796 deinde
511 726 665 816 iunctm,
684 752 788 822 quum
806 729 896 798 exitu
914 729 993 796 anni
1011 725 1175 796 discordia
1189 727 1276 795 inter
1285 724 1422 794 Trium-

370 846 461 918 viros
476 861 591 917 exorta
604 862 706 935 esset3
720 851 857 918 retentis
876 847 966 917 ultra
982 849 1111 942 justum
1132 862 1263 941 tempus
1281 843 1422 939 insigni·

371 965 455 1055 bus,
472 969 512 1038 1.
533 969 719 1038 Antonium
736 967 927 1054 consulem,
947 968 1112 1037 triumviri
1129 966 1283 1053 fratrem,
1298 963 1339 1033 ad
1359 965 1423 1032 Pe·

372 1087 497 1156 rusiam
527 1097 680 1178 secutus,
713 1087 880 1158 deditione
903 1114 924 1156 a
949 1089 1065 1158 ceteris
1093 1087 1199 1174 lacta,
1225 1082 1315 1154 solus
1342 1107 1423 1178 per·

301 1206 303 1212 ’
372 1207 493 1276 mansit
516 1208 550 1276 in
574 1208 747 1302 partibus,
770 1233 810 1277 ac
834 1209 942 1302 primo
958 1211 1136 1292 Praeneste,
1157 1205 1235 1274 inde
1254 1201 1421 1298 Neapolin

372 1329 496 1414 evasit3
518 1330 686 1422 servisque
705 1329 748 1398 ad
768 1327 894 1426 pileum
915 1330 1039 1398 frustra
1058 1329 1203 1414 vocatis,
1221 1327 1257 1395 in
1274 1323 1423 1394 Siciliam

373 1446 532 1543 profugit.
558 1450 622 1518 Sed
646 1429 782 1544 indigne
803 1451 927 1540 ferens,
945 1475 1007 1519 nec
1026 1450 1137 1519 statim
1154 1473 1189 1516 se
1208 1449 1241 1516 in
1261 1469 1425 1541 conspec-

375 1578 447 1636 tum
456 1569 531 1637 Sex.
543 1571 694 1665 Pompeii
704 1569 904 1660 admissum,
919 1585 953 1639 et
969 1571 1107 1639 fascium
1120 1593 1183 1637 usu
1195 1566 1426 1662 prohibitum,

374 1807 586 1878 reconciliata
606 1811 693 1879 iuter
714 1835 832 1880 omnes
848 1836 945 1906 pace,
966 1815 1107 1880 Romam
1129 1808 1247 1897 rediit,
1270 1832 1428 1878 uxorem-

376 1951 442 2022 que
461 1929 593 1998 Liviam
615 1929 817 2019 Drusillam,
837 1945 870 2000 et
889 1927 971 2000 tunc
989 1929 1178 2026 gravidam,
1198 1943 1232 2000 et
1256 1941 1333 1997 ante
1355 1927 1429 2020 jam

377 2047 468 2142 apud
490 2073 526 2118 se
547 2047 656 2118 filium
677 2051 826 2140 enixam,
848 2053 974 2146 petenti
992 2053 1145 2145 Augusto
1163 2049 1334 2118 concessit.
1352 2049 1430 2117 Nec

379 2165 487 2236 multo
514 2184 592 2264 post
618 2169 706 2240 diem
730 2171 835 2258 obiit,
859 2186 1002 2266 utroque
1029 2168 1209 2240 liberorum
1233 2168 1431 2263 superstite,

379 2287 514 2358 Tiberio
531 2293 710 2383 Drusoque
726 2292 926 2362 Neronibus.

430 2411 473 2480 V.
494 2410 667 2480 Tiberium
687 2412 823 2506 quidam
843 2411 969 2482 Fundis
991 2425 1109 2482 natum
1136 2411 1433 2490 existimaverunt,

380 2532 485 2601 secuti
503 2529 610 2602 levem
625 2533 870 2626 conjecturam,
886 2533 978 2628 quod
995 2547 1144 2604 materna
1162 2533 1235 2627 ejus
1251 2532 1325 2600 avia
1339 2534 1435 2600 Fun·

381 2652 468 2722 dana
487 2653 607 2744 fuerit,
629 2669 663 2723 et
678 2654 770 2749 quod
786 2680 865 2724 mox
881 2651 1094 2724 simulacrum
1116 2651 1297 2722 Felicitatis
1322 2676 1362 2720 ex
1384 2675 1436 2719 se-

381 2775 635 2846 natusconsulto
652 2774 861 2870 publicatum
881 2775 927 2843 ibi
945 2776 997 2844 sit.
1012 2773 1099 2863 Sed,
1117 2788 1156 2842 ut
1176 2771 1290 2867 plures
1308 2772 1435 2841 certio·

381 2919 500 2988 resque
522 2894 678 2984 tradunt,
697 2911 797 2966 natus
810 2910 860 2965 est
872 2899 989 2965 Romae
1001 2896 1036 2964 in
1049 2892 1192 2980 Palatio,
1209 2889 1435 2962 sextodecimo

381 3010 541 3082 kalendas
559 3013 763 3100 decembris,
785 3018 833 3085 M.
851 3014 986 3084 AEmilio
1002 3011 1129 3108 Lepido
1144 3015 1283 3102 iterum,
1300 3014 1339 3080 L.
1355 3013 1439 3080 Mu-

383 3133 477 3200 natio
498 3131 623 3202 Planco
649 3133 859 3223 consulibus,
882 3149 958 3230 post
980 3133 1105 3204 bellum
1129 3131 1354 3228 Philippense.
1378 3131 1439 3201 Sic

384 3251 474 3320 enim
496 3253 531 3321 in
554 3251 659 3322 fastos
676 3267 816 3349 actaque
836 3253 970 3348 publica
991 3253 1134 3324 relatum
1149 3267 1209 3324 est.
1229 3255 1301 3326 Nec
1320 3267 1440 3322 tamen

385 3372 525 3462 desunt,
542 3374 600 3468 qui
619 3375 742 3471 partim
761 3372 978 3444 antecedente
997 3400 1109 3464 anno,
1125 3375 1229 3444 Hirtii
1248 3397 1287 3443 ac
1301 3376 1440 3460 Pansae,

384 3493 509 3587 partim
531 3495 740 3588 insequente,
764 3494 895 3564 Servilii
919 3495 1058 3564 Isaurici
1085 3495 1291 3588 Antoniique
1313 3517 1443 3563 consu-

386 3611 478 3700 latu,
498 3615 647 3709 genitum
663 3639 739 3683 eum
756 3616 911 3684 scribant.

436 3735 495 3802 VI.
513 3731 692 3804 Infantiam
706 3735 950 3828 pueritiamque
962 3735 1078 3804 habuit
1091 3733 1290 3805 laboriosam
1299 3748 1334 3804 et
1345 3759 1446 3803 exer-

388 3855 507 3939 citam,
533 3879 644 3924 comes
667 3880 906 3950 usquequaque
927 3869 1104 3949 parentum
1128 3854 1215 3951 sugae
1233 3881 1241 3923 :
1260 3879 1346 3949 quos
1362 3855 1446 3948 qui-

390 3972 466 4042 dem
487 3975 577 4069 apud
599 3975 781 4070 Neapolis,
806 3975 868 4044 sub
893 3977 1114 4070 irruptionem
1137 3975 1243 4044 bostis
1267 3973 1448 4068 navigium

389 4091 474 4162 clam
486 4109 651 4188 petentes,
665 4097 779 4190 vagitu
791 4121 852 4164 suo
862 4121 956 4190 paene
967 4098 1018 4166 bis
1031 4093 1193 4190 prodidit;
1207 4093 1319 4183 semel,
1333 4117 1449 4187 quum
