3138 5438
536 537 665 593 JULIUS
686 539 820 594 CAESAR.
1144 563 1163 619 9

18 701 19 704 =
131 657 255 751 privato
276 658 478 750 parabatur,
501 684 542 726 an
565 685 632 751 quo
659 661 820 728 maturius
842 663 936 728 sociis
960 663 1162 757 imploranti·

18 815 19 830 .
131 778 189 846 bus
209 777 409 845 subveniret.
432 780 618 868 Pacataque
634 781 823 871 provincia,
836 781 914 873 ¹pari
935 780 1160 874 festinatione,

18 973 19 988 ξ
132 922 194 964 non
211 911 400 989 exspectato
418 921 626 984 successore,
646 896 688 966 ad
709 898 913 992 triumphum
932 900 1027 968 simul
1045 926 1160 972 consu-

131 1014 298 1108 latumque
310 1016 459 1084 decessit.
476 1014 539 1085 Sed
556 1040 675 1108 quum,
692 1015 806 1085 edictis
821 1019 888 1116 jam
906 1020 1060 1105 comitiis,
1075 1024 1159 1090 ratio

18 1199 19 1218 ,
129 1135 197 1226 ejus
214 1135 331 1203 haberi
348 1161 416 1203 non
436 1149 561 1227 posset,
583 1135 646 1203 nisi
666 1135 814 1228 privatus
835 1135 1002 1204 introisset
1024 1139 1158 1224 urbem,

129 1267 157 1321 et
175 1253 335 1322 ambienti
354 1268 392 1321 ut
408 1251 534 1345 legibus
552 1251 748 1335 solveretur,
765 1251 862 1321 multi
880 1254 1157 1346 contradicerent,

18 1407 19 1410 ¹
129 1387 260 1440 coactus
291 1385 341 1440 est
373 1372 598 1464 triumphum,
628 1395 671 1437 nc
703 1369 877 1438 consulatu
910 1371 1158 1464 excluderetur,

129 1489 305 1560 dimittere.

173 1611 270 1678 XIX.
297 1609 467 1678 Eduobus
480 1605 704 1705 [consulatus]
722 1611 1007 1701 competitoribus,
1021 1616 1059 1682 L.
1074 1617 1158 1684 Luc-

129 1731 215 1816 oeio,
227 1731 409 1819 Marcoque
422 1727 555 1812 Bibulo,
568 1727 748 1812 Lucceium
763 1727 824 1795 sibi
839 1728 1011 1821 adjunxit:
1026 1747 1156 1824 pactus,

18 1919 19 1922 ,
129 1863 161 1916 ut
183 1850 231 1932 is,
250 1847 408 1938 quoniam
428 1845 564 1914 inferior
585 1847 691 1939 gratia
710 1860 812 1935 esset,
833 1850 1038 1942 pecuniaque
1055 1852 1156 1945 polle-

127 1982 196 2052 ret,
218 1990 373 2034 nummos
396 1965 438 2033 de
460 1989 539 2052 suo,
562 1966 730 2033 communi
748 1969 900 2054 nomine,
917 1992 976 2060 per
993 1974 1156 2040 centurias

18 2145 19 2152 ,
129 2085 372 2176 pronuntiaret.
394 2084 472 2170 Qua
493 2086 624 2178 cognita
650 2109 706 2171 re,
731 2086 922 2178 optimates,
948 2111 1029 2180 quos
1049 2104 1156 2158 metus

18 2201 19 2236 ³
128 2219 282 2296 ceperat,
296 2203 379 2272 nihil
397 2227 465 2270 non
482 2227 639 2272 ausurum
658 2227 733 2272 eum
751 2205 785 2274 in
803 2228 932 2272 summo
947 2206 1155 2300 magistratu,

18 2379 19 2388 ,
129 2321 286 2391 concordi
311 2337 344 2390 et
366 2323 592 2392 consentiente
615 2321 760 2418 collega,
778 2338 929 2392 auctores
949 2324 1067 2393 Bibulo
1088 2326 1156 2395 lue·

128 2457 208 2509 rnnt
223 2440 420 2509 tantundem
435 2439 613 2534 pollicendi
628 2468 636 2509 :
653 2465 691 2510 ac
707 2441 855 2534 plerique
871 2445 1025 2535 pecunias
1042 2459 1156 2512 contu·

18 2631 19 2640 ,
126 2557 258 2646 lerunt,
276 2583 319 2627 ne
336 2561 462 2630 Catone
480 2560 613 2651 quidem
634 2561 800 2629 abnuente
820 2584 892 2628 eam
912 2560 1119 2654 largitionem
1137 2588 1155 2629 e

18 2659 20 2682 ’
127 2677 298 2772 republica
320 2678 401 2745 lieri.
423 2678 530 2771 Igitur
547 2703 622 2746 cum
640 2677 757 2746 Bibulo
776 2677 889 2750 consul
912 2693 1050 2747 creatur.
1069 2683 1155 2747 Ean-

18 2835 19 2902 ,
127 2795 201 2866 dem
217 2797 263 2865 ob
277 2821 407 2865 causam
423 2819 522 2889 opera
535 2797 748 2890 optimatibus
762 2796 913 2880 dataest,
927 2810 965 2863 ut
980 2798 1155 2888 provinciae
1267 2859 1272 2869 .

18 2911 19 2914 ¹
128 2915 247 2984 littaris
270 2915 460 2983 consulibus
480 2915 606 2982 minimi
629 2916 770 3008 negotii,
793 2914 911 3000 idest,
933 2913 1021 2980 silvae
1043 2911 1155 2982 calles·

18 3089 19 3104 .
125 3059 189 3126 que
206 3034 475 3102 decernerentur.
492 3035 569 3122 Qua
586 3035 726 3100 maxime
743 3033 863 3124 injuria
880 3033 1072 3120 instinctus,
1087 3056 1155 3100 orn-

126 3155 223 3222 nibus
250 3152 368 3220 officiis
392 3154 455 3220 Cn.
479 3153 675 3243 Pompeium
699 3166 875 3220 assectatus
899 3165 968 3236 est,
992 3150 1153 3220 offensum
1215 3154 1217 3162 ’

128 3271 294 3363 patribus,
310 3269 415 3362 quod,
428 3269 624 3338 Mithridate
639 3293 717 3362 rege
735 3271 838 3356 victo,
854 3271 1064 3338 cunctantius
1078 3293 1154 3338 con·

126 3388 340 3458 firmarentur
360 3401 433 3457 acta
455 3411 513 3457 sua
530 3411 538 3454 :
556 3388 778 3480 Pompeioque
800 3390 847 3455 M.
868 3389 1022 3458 Crassum
1042 3413 1155 3456 recon-

18 3539 19 3544 ’
126 3509 272 3594 dliavit,
290 3521 434 3600 veterem
454 3507 626 3575 inimicum
643 3531 682 3574 ex
700 3497 893 3591 consulatu,
911 3530 1009 3598 quem
1026 3530 1154 3574 summa

125 3626 292 3696 discordia
312 3623 410 3694 simul
433 3641 628 3722 gesserant:
651 3649 688 3694 ac
710 3626 898 3693 societatem
916 3647 992 3692 cum
1014 3636 1153 3714 utroque

18 3717 19 3748 r
125 3747 218 3830 iniit,
238 3743 380 3837 nequid
398 3759 551 3838 ageretur
568 3745 603 3812 in
622 3742 806 3837 republica,
827 3741 916 3834 quod
937 3740 1153 3833 displicuisset

125 3864 182 3934 ulli
198 3891 218 3934 e
234 3865 352 3934 tribus.
826 3873 827 3876 ’
890 3869 891 3873 ’

168 3989 248 4055 XX.
274 3988 362 4056 Inito
383 3989 509 4056 honore
527 3989 653 4080 primus
675 3985 822 4056 omnium
843 3985 1005 4071 instituit,
1026 3994 1064 4050 ut
1085 3997 1154 4050 tarn

125 4121 258 4180 senatus
272 4132 372 4202 quam
390 4106 505 4200 populi
523 4107 638 4177 diurna
657 4121 728 4174 acta
753 4102 990 4170 conficerentur
1001 4115 1033 4170 et
1046 4083 1149 4193 publi-
