3098 5446
557 555 665 612 nmo.
1062 557 1116 632 257

98 677 302 771 improbante
324 677 502 772 divortium
525 675 669 772 populo,
687 701 746 746 nec
771 693 924 772 parcente
945 683 1118 768 conviciis,

96 807 191 874 etiarn
209 805 376 899 relegavit.
400 803 551 896 Denique
566 799 686 872 occidit
709 802 770 873 sub
789 803 924 872 crimine
944 801 1118 874 adulterio·
1210 818 1215 829 '

97 951 185 1016 rum,
199 929 282 998 adeo
303 926 486 1022 impudenti
501 923 664 1018 falsoque,
685 939 738 1014 ut,
756 926 984 1020 inquestione
1002 951 1118 1022 perne·

93 1053 243 1154 gentibus
259 1053 404 1138 cunctis,
421 1051 594 1120 Anicetum
616 1049 833 1143 pedagogum
858 1071 954 1120 suum
973 1051 1116 1123 indicem

93 1175 282 1270 subjecerit,
298 1177 356 1269 qui
375 1173 451 1244 dolo
468 1145 649 1266 stupratam
660 1195 680 1242 a
691 1195 726 1242 se
741 1171 907 1244 fateretur.
925 1177 1115 1270 Poppaeam,

94 1299 287 1368 duodecimo
304 1298 357 1366 die
375 1309 453 1392 post¹
465 1295 643 1364 divortium
662 1293 807 1364 Octaviae
818 1296 853 1364 io
870 1298 1114 1368 matrimonium

2 1417 3 1422 ’
93 1437 277 1516 acceptam,
294 1419 409 1490 dilexit
430 1419 536 1488 unice.
558 1420 603 1487 Et
623 1431 731 1488 tamen
761 1419 864 1511 ipsam
887 1443 1019 1514 quoque
1045 1423 1112 1492 ictu

92 1544 184 1614 calcis
202 1543 342 1628 occidit,
367 1540 457 1635 quod
483 1565 533 1624 se,
559 1563 598 1608 ex
617 1539 821 1633 aurigatione
838 1565 912 1610 sero
928 1567 1113 1631 reversum,

92 1667 221 1762 gravida
239 1681 274 1735 et
291 1689 377 1760 aegra
394 1663 551 1734 conviciis
569 1663 752 1730 incesserat.
773 1665 823 1730 Ex
839 1663 901 1732 hac
918 1661 1019 1735 tiliam
1038 1665 1112 1738 tulit

91 1790 260 1862 Claudiam
290 1793 491 1882 Augustam,
523 1783 695 1875 amisitque
732 1781 908 1853 admodum
943 1787 1110 1859 insontem.

92 1913 225 1983 Nullum
239 1911 323 1980 adeo
334 1905 581 1977 necessitudinis
599 1929 701 1999 genus
720 1920 789 1994 est,
805 1906 896 1999 quod
909 1933 976 1978 non
990 1909 1112 1982 scelere

91 2037 271 2132 perculerit.
294 2033 490 2118 Antoniam,
512 2025 643 2098 Claudii
665 2023 789 2116 filiam,
811 2046 1017 2102 recusantem
1036 2049 1112 2129 post

89 2165 231 2258 Poppaeae
255 2173 396 2228 mortem
419 2149 552 2247 duptias
572 2175 664 2236 suas,
682 2152 774 2244 quasi
793 2151 986 2224 molitricem
1013 2183 1113 2229 nova-

89 2311 158 2354 rum
178 2307 291 2353 rerum
318 2278 493 2348 interemit.
515 2273 672 2345 Similiter
698 2287 842 2364 ceteros,
871 2293 929 2346 aut
951 2277 1111 2352 affinitate

89 2407 192 2502 aliqua
207 2405 285 2490 sibi,
304 2417 362 2471 aut
375 2399 619 2496 propinquitate
628 2397 839 2489 conjunctos;
857 2401 890 2468 in
910 2401 1029 2494 quibus
1044 2407 1111 2474 Au·

89 2531 152 2600 lum
170 2527 337 2599 Plautium
354 2526 534 2618 juvenem:
554 2545 651 2614 quem
668 2543 770 2614 quum
794 2537 870 2591 ante
890 2539 1030 2594 mortem
1050 2552 1110 2622 per

88 2655 150 2720 vim
160 2660 427 2745 conspurcasset‚
441 2675 458 2709 o
468 2647 531 2714 Eat
547 2667 650 2730 nunc,
660 2673 677 2708 r
687 2643 808 2738 inquit,
824 2675 841 2709 o
853 2659 958 2713 mater
973 2672 1062 2733 mea,
1076 2664 1109 2718 ct

88 2797 300 2844 successorem
314 2793 423 2838 meum
438 2765 647 2850 osculetur3»
662 2765 803 2858 jactans,
823 2764 978 2836 dilectum
995 2768 1037 2837 ab
1048 2794 1108 2860 ea,

88 2913 118 2966 ct
135 2895 175 2966 ad
193 2920 284 2990 spem
304 2893 431 2987 imperii
449 2888 637 2986 impulsum.
656 2887 848 2982 Privignum
868 2889 1001 2959 Rullum
1018 2893 1107 2962 Cris-

88 3023 219 3114 pinum,
231 3021 373 3112 Poppaea
388 3027 521 3100 natum,
531 3011 735 3105 impuberem
748 3009 875 3098 adhuc,
892 3011 969 3104 quia
982 3011 1109 3084 fereba-

89 3158 140 3212 tur
154 3142 291 3212 ducatus
308 3153 341 3208 et
362 3135 498 3232 imperio
512 3133 646 3220 ludere,
666 3133 882 3228 mergendum
907 3135 1011 3220 mari,
1027 3136 1107 3205 dum

87 3267 277 3358 piscaretur,
295 3263 397 3331 servis
413 3260 515 3354 ipsius
537 3257 756 3326 demandavit.
778 3260 942 3346 Tuscum,
969 3261 1107 3330 nutricis

85 3385 207 3476 titium,
223 3385 399 3481 relegavit,
413 3380 502 3478 qnod
517 3382 551 3450 in
568 3381 799 3476 procuratione
810 3381 958 3474 AEgypti,
970 3381 1107 3452 balineis

86 3513 120 3578 in
142 3509 316 3582 adventum
339 3530 435 3576 suum
456 3505 631 3574 exstructis
654 3501 797 3574 lavisset.
816 3505 972 3574 Senecam
988 3529 1108 3600 praece·

84 3647 209 3726 ptorem
226 3632 269 3705 ad
290 3655 403 3702 necem
418 3625 596 3722 compulit3
619 3627 768 3720 quamvis
781 3650 866 3722 saepe
886 3641 1105 3696 commeatum

83 3760 226 3850 petenti,
246 3757 406 3848 bonisque
426 3750 571 3838 cedenti,
589 3725 759 3844 persancte
784 3749 941 3844 jurasset,
969 3773 1107 3844 «suspe-

82 3893 173 3948 ctum
188 3905 222 3950 se
238 3879 379 3966 frustra,
394 3875 641 3972 periturumque
659 3874 783 3966 potius,
803 3897 902 3966 quam
918 3872 1105 3940 nociturum

81 4001 449 4097 ei.»Bnrrhcpraefecto
458 3997 641 4068 remedium
656 3996 698 4066 ad
710 3996 819 4066 fauces
832 3995 1007 4092 pollicitus,
1019 3998 1104 4066 toxi-

79 4149 164 4194 cum
184 4127 277 4195 misit.
297 4125 448 4196 Libertos
469 4121 587 4192 divites
610 4135 642 4192 et
662 4145 775 4206 senes,
802 4118 879 4188 olim
899 4117 1104 4214 adoptionis,

225 4269 248 4313 l·
922 4265 959 4334 17
