3114 5446
387 521 441 578 apo
786 502 816 555 C.
835 467 1010 556 suttona

385 629 486 698 rianae
505 627 657 696 cohortes
673 637 788 694 contra
804 647 929 692 morem
946 623 1040 716 signa
1054 621 1212 714 jumentis
1227 623 1417 714 imponere,

386 763 419 816 ot
438 747 484 816 ita
501 744 656 838 subsequi
682 741 1084 836 cogerentur3interdu1n
1108 738 1191 810 adeo
1212 743 1356 835 segniter
1380 757 1414 810 et

388 866 538 954 delicate,
552 880 589 934 ut
602 863 785 958 octaphoro
802 862 986 948 veheretur,
1002 875 1101 953 atque
1115 884 1134 928 a
1149 860 1415 954 propinquarum

390 985 521 1056 urbium
537 981 633 1079 plebe
646 983 732 1052 verri
750 981 812 1051 sibi
829 980 898 1050 vias
913 993 946 1048 et
961 981 1134 1074 conspergi
1150 993 1287 1074 propter
1302 979 1417 1073 pulve-

386 1125 456 1174 rem
475 1105 627 1198 exigeret.

433 1225 554 1294 XLIV.
570 1225 750 1314 Postquam
769 1233 876 1288 castra
892 1217 1018 1312 attigit,
1034 1229 1071 1285 ut
1092 1241 1127 1286 se
1146 1241 1256 1286 aerem
1276 1233 1310 1286 et
1324 1245 1415 1288 sere-

388 1367 462 1412 rum
490 1341 607 1410 ducem
630 1337 838 1423 ostenderet,
859 1337 1004 1431 legatos,
1027 1337 1085 1430 qni
1106 1335 1228 1404 auxilia
1249 1339 1353 1406 serius
1373 1363 1415 1406 ex

388 1459 524 1530 dirersis
547 1459 627 1528 locis
651 1457 873 1536 adduxerant,
898 1481 974 1526 cum
1000 1456 1180 1549 ignominia
1206 1455 1341 1526 dimisit.
1369 1462 1416 1526 At

390 1581 424 1647 in
442 1578 588 1648 exercitu
607 1575 823 1662 recensendo,
840 1574 1010 1669 plerisque.
1026 1575 1257 1643 centurionum
1275 1579 1416 1644 maturis

384 1698 474 1791 jam,
496 1711 528 1764 ct
548 1693 716 1766 nonnullis
737 1708 812 1762 ante
829 1695 1062 1786 paucissimos,
1082 1717 1180 1786 quam
1203 1719 1416 1764 consumma-

389 1817 454 1884 turi
470 1829 598 1897 essent,
616 1814 703 1898 dies,
721 1813 845 1905 primos
861 1809 945 1905 pilos
963 1811 1102 1899 ademit,
1118 1827 1269 1881 canamus
1285 1815 1415 1882 senium

390 1935 549 2027 cujusque
568 1946 603 1999 et
624 1928 903 1999 imbecillitatem:
929 1944 1114 1998 ceterorum
1130 1930 1296 2024 'increpita
1318 1934 1416 2026 cupi-

386 2053 510 2136 ditate,
528 2048 700 2119 commoda
721 2051 863 2118 emeritae
880 2047 1005 2116 militiae
1023 2047 1065 2116 ad
1086 2073 1144 2118 sex
1165 2049 1304 2120 millium
1321 2075 1416 2119 sum-

358 2147 362 2154 !
388 2196 472 2240 mam
497 2169 640 2238 rescidit.
669 2167 762 2238 Nihil
786 2183 896 2236 autem
918 2165 1081 2261 amplius,
1111 2193 1211 2262 quam
1237 2169 1416 2255 Adminio,

387 2287 596 2383 Cynobellini
612 2288 847 2356 Britannorum
857 2288 943 2381 regis
953 2286 1038 2370 filio,
1054 2288 1126 2379 qui,
1141 2285 1255 2380 pulsus
1271 2305 1415 2383 epatre,

386 2432 462 2478 oum
481 2409 599 2502 exigua
617 2431 717 2476 manu
738 2407 975 2500 transfugerat,
993 2407 1027 2474 in
1043 2405 1242 2477 deditionem
1259 2425 1413 2502 recept03

386 2528 480 2619 quasi
496 2528 649 2596 universa
661 2526 781 2594 tradita
795 2524 918 2613 insula,
931 2525 1119 2620 magnificas
1129 2529 1268 2596 Romam
1283 2525 1413 2598 litteras

387 2647 495 2733 misit,
518 2646 652 2714 monitis
683 2643 964 2738 speculatoribus,
990 2659 1029 2712 ut
1053 2643 1206 2713 vehiculo
1232 2645 1273 2713 ad
1299 2646 1412 2716 sorum

386 2789 488 2857 arsque
506 2779 539 2833 et
560 2765 685 2833 curiam
702 2760 950 2856 pertenderent,
971 2785 1034 2829 nec
1057 2763 1120 2830 nisi
1138 2764 1172 2830 ia
1192 2763 1260 2832 tede
1274 2765 1414 2853 Martis,

385 2907 423 2952 ao
440 2883 612 2975 frequente
629 2895 763 2966 senatu,
783 2878 972 2949 consulibus
990 2880 1165 2949 traderent.

431 3004 536 3070 XLV.
551 3005 648 3088 Mox,
662 2999 834 3068 deficiente
848 2997 925 3068 belli
943 3001 1095 3086 materia,
1111 3025 1234 3094 paucos
1248 3001 1288 3070 de
1299 3017 1416 3071 custo·

389 3119 444 3188 dia
463 3121 647 3188 Germanos
668 3119 796 3212 trajici,
814 3117 988 3211 occulique
1009 3133 1100 3188 trans
1118 3121 1273 3190 Rhenum
1290 3122 1415 3215 jussit,

385 3263 424 3308 ac
446 3238 508 3306 sibi
532 3253 607 3331 post
632 3237 809 3331 prandium
834 3262 933 3330 quam
962 3237 1273 3329 tumultuosissime,
1298 3240 1417 3312 adesse

385 3350 532 3444 bostem,
555 3358 714 3426 nunciari.
731 3359 809 3446 Quo
827 3357 935 3443 facto,
956 3358 1121 3452 proripuit
1139 3383 1174 3428 se
1194 3383 1271 3428 oum
1296 3361 1417 3430 amicis

384 3490 417 3544 et
433 3491 526 3570 parte
545 3478 695 3569 equiturn
721 3477 996 3569 pretorianorum
1015 3478 1049 3545 in
1068 3481 1251 3572 proximam
1273 3479 1414 3567 silvam;

385 3595 607 3688 truncatisque
623 3595 816 3678 arboribus,
835 3610 870 3664 et
886 3597 920 3664 in
941 3595 1077 3664 modum
1095 3613 1293 3692 tropaeorurn
1311 3600 1414 3670 ador·
1440 3600 1448 3629 ²

385 3715 488 3801 natis,
508 3712 550 3782 ad
570 3712 695 3781 lumina
718 3737 885 3798 reversus,
909 3739 1027 3784 eorum
1046 3715 1202 3808 quidem,
1225 3717 1282 3812 qui
1305 3724 1442 3789 secuti-

385 3856 451 3901 non
468 3847 594 3920 essent,
615 3831 823 3900 timiditatem
840 3847 872 3900 ct
890 3833 1055 3927 ignaviam
1073 3837 1253 3930 corripuit;
1272 3840 1417 3909 comites-

385 3965 494 4019 autem
519 3965 551 4019 et
571 3951 746 4044 participes
774 3951 937 4040 victoriae,
966 3977 1052 4020 novo
1072 3979 1192 4048 genere
1215 3979 1254 4024 ac
1276 3960 1413 4027 nomine

386 4091 582 4138 coronarum
602 4067 755 4156 donavit,
769 4095 869 4162 quas,
886 4069 1054 4141 distinctas
1073 4071 1150 4142 solis
1168 4097 1206 4142 ac
1222 4073 1309 4145 lunae
1324 4077 1411 4147 side·
