3114 5446
506 532 703 588 cssumus.
1058 555 1114 612 229

102 667 188 720 retur.
216 654 333 742 Quum
350 652 390 722 de
406 651 500 722 laniis
518 679 556 722 ac
573 654 707 722 vinariis
723 667 893 748 ageretur,
916 656 1111 728 exclamavit

102 773 129 838 in
141 772 261 840 Curia:
290 775 422 866 «Rogo
433 797 507 860 vos,
523 775 596 866 quis
612 787 717 866 potest
740 773 811 842 sine
829 773 932 844 offula
949 777 1112 846 viverels

101 888 323 983 descripsitque
345 890 581 960 abundantiam
598 907 743 960 veterum
769 893 998 981 tabernarum,
1025 895 1113 964 unde

100 1007 199 1082 solitus
224 1024 309 1078 esset
336 1011 451 1078 vinum
473 1009 552 1078 olim
577 1024 611 1077 et
635 1010 704 1104 ipse
726 1025 844 1102 petere.
875 1015 927 1080 De
951 1028 1112 1104 quaestore

70 1177 74 1185 .
100 1127 227 1216 quodam
252 1127 427 1196 candidato
453 1127 539 1196 inter
558 1152 670 1198 causas
694 1127 938 1222 suffragationis
962 1155 1028 1199 sure
1042 1157 1113 1226 ,po-

99 1247 166 1333 suit,
193 1274 210 1309 α
223 1245 313 1338 quod
333 1261 426 1339 pater
448 1247 517 1339 ejus
541 1245 692 1340 frigidam
719 1271 807 1340 aegro
832 1247 893 1315 sibi
922 1252 1113 1341 tempestive

99 1361 271 1432 dedisset.»
304 1363 442 1454 Inducta
468 1379 547 1434 teste
578 1365 611 1432 in
641 1379 775 1450 senatu,
803 1370 924 1454 «Haec,
940 1396 956 1432 n
975 1353 1111 1460 inquit,

97 1485 222 1551 «matris
240 1508 321 1552 meae
337 1481 453 1552 liberta
473 1497 506 1552 et
525 1485 670 1551 ornatrix
685 1482 769 1550 fuit:
788 1484 844 1552 sed
863 1508 915 1552 me
934 1499 1111 1578 patronum

102 1625 219 1695 semper
245 1603 451 1670 existimavit.
477 1605 550 1670 Hoc
570 1601 643 1670 ideo
666 1601 748 1689 dixi,
772 1602 1014 1695 quodquidam
1035 1618 1112 1671 sunt

97 1719 189 1788 adhuc
208 1723 244 1788 in
265 1719 365 1788 domo
383 1745 476 1808 mea,
506 1722 563 1814 qui
582 1745 634 1789 me
656 1735 834 1814 patronum
859 1743 926 1792 non
949 1736 1110 1814 putant.»

97 1838 151 1906 Sed
167 1853 199 1906 et
212 1865 277 1933 pro
296 1837 469 1926 tribunali,
482 1840 688 1908 Ostiensibus
704 1839 860 1931 quiddam
876 1839 1005 1932 publice
1016 1863 1111 1907 oran·

97 1954 185 2046 tibus,
204 1983 309 2050 quum
325 1956 568 2043 excanduisset,
589 1986 605 2020 α
618 1955 673 2026 Nil
688 1958 809 2026 habere
825 1983 873 2044 se,
884 1986 901 2021 s
916 1956 1110 2025 vociferatus

96 2089 151 2162 est,
169 2101 298 2169 square
318 2101 373 2144 eos
390 2075 616 2143 demereatur:
636 2075 663 2142 si
679 2100 777 2166 quem
790 2073 908 2162 alium,
927 2087 1009 2142 etse
1027 2072 1109 2143 libe·

94 2219 156 2262 rum
173 2219 254 2264 esse.
268 2223 286 2259 o
304 2197 391 2264 Nam
410 2193 465 2262 illa
480 2193 550 2285 ejus
569 2193 777 2285 quotidiana,
796 2208 830 2261 et
847 2191 944 2286 plane
962 2195 1108 2260 omnium

93 2311 236 2384 horarum
250 2329 282 2382 et
303 2327 547 2382 momentorum
565 2326 678 2398 erant,
698 2311 836 2399 «Quidt
855 2337 916 2405 ego
935 2312 993 2379 tibi
1005 2312 1110 2380 Theo·

94 2435 198 2524 genius
219 2430 383 2502 vident»
400 2447 449 2516 et,
466 2424 597 2518 «λάλει,
609 2439 661 2498 καὶ
676 2427 727 2520 μὴ
746 2426 923 2512 θίγγανε»
941 2427 1109 2521 multaque

94 2550 174 2640 talia,
192 2554 296 2621 etiarn
318 2551 453 2644 privatis
473 2549 649 2636 deformia,
675 2547 795 2622 nedum
814 2548 972 2640 principi,
1001 2572 1108 2638 neque

92 2669 280 2756 infacundo,
316 2693 423 2760 neque
457 2667 608 2755 indocto,
637 2669 737 2734 immo
767 2668 866 2734 etiam
898 2667 1108 2758 pertinaciter
1221 2704 1224 2714 ·

93 2786 271 2858 liberalibus
290 2788 405 2856 studiis
422 2786 542 2856 dedito.

130 2912 215 2977 XLI.
242 2909 420 2976 Historiam
444 2908 479 2974 in
501 2885 736 2988 adolescentia,
760 2905 912 2972 hortante
935 2904 973 2970 T.
998 2901 1107 2988 Livio,

90 3025 228 3120 Sulpicio
245 3051 324 3094 vero
339 3025 438 3094 Flavo
454 3033 553 3093 etiarn
570 3023 762 3116 adjuvante,
780 3021 919 3108 scribere
937 3043 1107 3114 aggressus
1213 3093 1217 3101 ,

88 3163 139 3216 est.
157 3155 201 3220 Et
224 3175 327 3242 quum
350 3149 493 3242 primum
512 3146 674 3237 frequenti
693 3143 856 3213 auditorio
876 3141 1107 3225 commisisset,

89 3293 165 3362 agre
179 3269 332 3363 perlegit,
351 3267 562 3361 refrigeratus
577 3289 692 3358 saepea
708 3264 891 3356 semetipso.
907 3263 993 3330 Nam
1005 3283 1107 3351 quum

87 3389 173 3456 initio
190 3389 409 3473 recitationis,
429 3385 580 3466 defractis
596 3381 821 3474 compluribus
843 3376 1003 3448 subselliis
1023 3378 1102 3444 obe·

85 3507 174 3580 sitate
191 3505 378 3598 cujusdam,
399 3506 483 3572 risus
499 3515 632 3570 exortus
648 3515 753 3585 esset;
780 3523 821 3565 ne
842 3497 954 3566 sedato
974 3493 1106 3587 quidem

85 3625 224 3694 tumultu
245 3642 429 3718 temperare
454 3623 578 3715 potuit,
604 3620 683 3712 quin
710 3613 945 3724 exintervallo
970 3613 1107 3680 subinde

84 3741 153 3812 facti
172 3745 449 3827 reminisceretur,
468 3741 710 3830 cachinnosque
727 3749 904 3804 revocaret.
921 3735 965 3800 ¹In
985 3731 1106 3824 princi·

83 3879 159 3954 patu
176 3887 309 3956 quoque
325 3876 359 3930 et
382 3861 512 3952 scripsit
531 3857 731 3952 plurimum,
757 3869 790 3922 et
813 3851 940 3921 assidue
958 3849 1107 3916 recitavit

83 4006 138 4071 per
149 3980 316 4050 lectorem.
334 3981 471 4048 Initium
489 3991 597 4046 autem
615 3976 729 4044 sumsit
741 3972 884 4042 historiae
902 3982 976 4062 post
986 3964 1104 4034 caedem

82 4101 218 4170 &aris
233 4099 411 4168 dictatoris.
427 4096 491 4166 Sed
510 4111 542 4164 et
561 4095 690 4162 transiit
712 4091 752 4159 ad
772 4089 925 4157 inferiora
942 4099 1107 4176 tempora,
