<?xml version="1.0" encoding="UTF-8"?>
<!DOCTYPE html PUBLIC "-//W3C//DTD XHTML 1.0 Transitional//EN"
    "http://www.w3.org/TR/xhtml1/DTD/xhtml1-transitional.dtd">
<html xmlns="http://www.w3.org/1999/xhtml" xml:lang="en" lang="en">
 <head>
  <title>
</title>
<meta http-equiv="Content-Type" content="text/html;charset=utf-8" />
  <meta name='ocr-system' content='tesseract 3.04.00' />
  <meta name='ocr-capabilities' content='ocr_page ocr_carea ocr_par ocr_line ocrx_word'/>
</head>
<body>
  <div class='ocr_page' id='page_1' title='image "./caiisuetonitran00grosgoog_0580.png"; bbox 0 0 3208 5430; ppageno 0'>
   <div class='ocr_carea' id='block_1_1' title="bbox 521 551 1169 616">
    <p class='ocr_par' dir='ltr' id='par_1_1' title="bbox 521 551 1169 616">
     <span class='ocr_line' id='line_1_1' title="bbox 521 551 1169 616; baseline 0.003 -10"><span class='ocrx_word' id='word_1_1' title='bbox 521 553 561 606; x_wconf 83' lang='lat' dir='ltr'><em>IN</em></span> <span class='ocrx_word' id='word_1_2' title='bbox 583 552 778 607; x_wconf 77' lang='lat' dir='ltr'><em>NERONEM.</em></span> <span class='ocrx_word' id='word_1_3' title='bbox 1114 551 1169 616; x_wconf 77' lang='lat'><em>275</em></span> 
     </span>
    </p>
   </div>
   <div class='ocr_carea' id='block_1_2' title="bbox 131 665 1169 830">
    <p class='ocr_par' dir='ltr' id='par_1_2' title="bbox 131 665 1169 830">
     <span class='ocr_line' id='line_1_2' title="bbox 131 665 1169 744; baseline 0.007 -26"><span class='ocrx_word' id='word_1_4' title='bbox 131 665 227 719; x_wconf 76' lang='lat' dir='ltr'><em>histrio</em></span> <span class='ocrx_word' id='word_1_5' title='bbox 250 667 295 720; x_wconf 86' lang='lat' dir='ltr'><em>vel</em></span> <span class='ocrx_word' id='word_1_6' title='bbox 310 665 458 739; x_wconf 74' lang='lat' dir='ltr'><em>hypocrita</em></span> <span class='ocrx_word' id='word_1_7' title='bbox 473 667 518 722; x_wconf 81' lang='lat' dir='ltr'><em>vel</em></span> <span class='ocrx_word' id='word_1_8' title='bbox 534 667 725 740; x_wconf 77' lang='lat' dir='ltr'><em>pantomimus</em></span> <span class='ocrx_word' id='word_1_9' title='bbox 746 666 867 723; x_wconf 87' lang='lat' dir='ltr'><em>saltabat</em></span> <span class='ocrx_word' id='word_1_10' title='bbox 887 675 916 722; x_wconf 83' lang='lat' dir='ltr'><em>el</em></span> <span class='ocrx_word' id='word_1_11' title='bbox 934 667 1169 744; x_wconf 74' lang='lat' dir='ltr'><em>gesticulabatur;</em></span> 
     </span>
     <span class='ocr_line' id='line_1_3' title="bbox 131 756 998 830; baseline 0.006 -21"><span class='ocrx_word' id='word_1_12' title='bbox 131 766 163 822; x_wconf 66' lang='lat' dir='ltr'><em>es,</em></span> <span class='ocrx_word' id='word_1_13' title='bbox 172 767 277 830; x_wconf 74' lang='lat' dir='ltr'><em>prater</em></span> <span class='ocrx_word' id='word_1_14' title='bbox 295 756 349 812; x_wconf 82' lang='lat' dir='ltr'><em>hos</em></span> <span class='ocrx_word' id='word_1_15' title='bbox 367 756 466 813; x_wconf 83' lang='lat' dir='ltr'><em>aderat</em></span> <span class='ocrx_word' id='word_1_16' title='bbox 484 759 593 815; x_wconf 78' lang='lat' dir='ltr'><em>tibicen.</em></span> <span class='ocrx_word' id='word_1_17' title='bbox 611 761 737 812; x_wconf 78' lang='lat' dir='ltr'><em>Gronov.</em></span> <span class='ocrx_word' id='word_1_18' title='bbox 758 759 800 812; x_wconf 87' lang='lat' dir='ltr'><em>ad</em></span> <span class='ocrx_word' id='word_1_19' title='bbox 811 760 883 826; x_wconf 76' lang='lat' dir='ltr'><em>liu,</em></span> <span class='ocrx_word' id='word_1_20' title='bbox 898 777 955 827; x_wconf 85' lang='lat' dir='ltr'><em>vn,</em></span> <span class='ocrx_word' id='word_1_21' title='bbox 971 777 998 814; x_wconf 77' lang='lat' dir='ltr'><em>a.</em></span> 
     </span>
    </p>
   </div>
   <div class='ocr_carea' id='block_1_3' title="bbox 170 850 1169 1002">
    <p class='ocr_par' dir='ltr' id='par_1_3' title="bbox 170 850 1169 1002">
     <span class='ocr_line' id='line_1_4' title="bbox 170 850 1169 927; baseline 0.002 -23"><span class='ocrx_word' id='word_1_22' title='bbox 170 850 217 904; x_wconf 90' lang='lat' dir='ltr'><em>De</em></span> <span class='ocrx_word' id='word_1_23' title='bbox 230 851 386 922; x_wconf 70' lang='lat' dir='ltr'><em>preconio.</em></span> <span class='ocrx_word' id='word_1_24' title='bbox 406 852 515 923; x_wconf 89' lang='lat' dir='ltr'><em>Nempe</em></span> <span class='ocrx_word' id='word_1_25' title='bbox 533 851 571 903; x_wconf 86' lang='lat' dir='ltr'><em>de</em></span> <span class='ocrx_word' id='word_1_26' title='bbox 583 868 750 922; x_wconf 69' lang='lat' dir='ltr'><em>praeconum</em></span> <span class='ocrx_word' id='word_1_27' title='bbox 761 863 824 906; x_wconf 82' lang='lat' dir='ltr'><em>aste</em></span> <span class='ocrx_word' id='word_1_28' title='bbox 841 863 871 906; x_wconf 89' lang='lat' dir='ltr'><em>et</em></span> <span class='ocrx_word' id='word_1_29' title='bbox 882 853 959 907; x_wconf 71' lang='lat' dir='ltr'><em>voces</em></span> <span class='ocrx_word' id='word_1_30' title='bbox 968 851 1169 927; x_wconf 74' lang='lat' dir='ltr'><em>magnitudine.</em></span> 
     </span>
     <span class='ocr_line' id='line_1_5' title="bbox 174 927 876 1002; baseline 0.001 -19"><span class='ocrx_word' id='word_1_31' title='bbox 174 929 329 984; x_wconf 79' lang='lat' dir='ltr'><em>Coronatus</em></span> <span class='ocrx_word' id='word_1_32' title='bbox 349 940 399 982; x_wconf 88' lang='lat' dir='ltr'><em>est.</em></span> <span class='ocrx_word' id='word_1_33' title='bbox 423 932 464 983; x_wconf 87' lang='lat' dir='ltr'><em>lta</em></span> <span class='ocrx_word' id='word_1_34' title='bbox 482 927 637 1002; x_wconf 86' lang='lat' dir='ltr'><em>Xiphilin.,</em></span> <span class='ocrx_word' id='word_1_35' title='bbox 655 947 791 1002; x_wconf 80' lang='lat' dir='ltr'><em>nx111,p.</em></span> <span class='ocrx_word' id='word_1_36' title='bbox 811 948 876 999; x_wconf 78' lang='lat'>7²¹·</span> 
     </span>
    </p>
   </div>
   <div class='ocr_carea' id='block_1_4' title="bbox 130 1020 1204 4222">
    <p class='ocr_par' dir='ltr' id='par_1_4' title="bbox 130 1020 1171 1272">
     <span class='ocr_line' id='line_1_6' title="bbox 172 1020 1171 1094; baseline 0.004 -20"><span class='ocrx_word' id='word_1_37' title='bbox 172 1025 237 1080; x_wconf 71' lang='lat' dir='ltr'><em>Cur.</em></span> <span class='ocrx_word' id='word_1_38' title='bbox 253 1023 344 1076; x_wconf 85' lang='lat' dir='ltr'>XXV.</span> <span class='ocrx_word' id='word_1_39' title='bbox 360 1021 445 1075; x_wconf 85' lang='lat' dir='ltr'><em>Muri.</em></span> <span class='ocrx_word' id='word_1_40' title='bbox 466 1022 579 1094; x_wconf 83' lang='lat' dir='ltr'><em>Agones</em></span> <span class='ocrx_word' id='word_1_41' title='bbox 593 1020 697 1094; x_wconf 86' lang='lat' dir='ltr'><em>quibus</em></span> <span class='ocrx_word' id='word_1_42' title='bbox 719 1020 765 1076; x_wconf 88' lang='lat' dir='ltr'><em>bic</em></span> <span class='ocrx_word' id='word_1_43' title='bbox 787 1021 968 1078; x_wconf 76' lang='lat' dir='ltr'><em>tribuebatur</em></span> <span class='ocrx_word' id='word_1_44' title='bbox 985 1023 1088 1094; x_wconf 87' lang='lat' dir='ltr'><em>bonor,</em></span> <span class='ocrx_word' id='word_1_45' title='bbox 1102 1021 1171 1078; x_wconf 88' lang='lat' dir='ltr'><em>dicti</em></span> 
     </span>
     <span class='ocr_line' id='line_1_7' title="bbox 130 1112 1170 1189; baseline 0 -19"><span class='ocrx_word' id='word_1_46' title='bbox 130 1115 199 1171; x_wconf 88' lang='lat' dir='ltr'><em>inde</em></span> <span class='ocrx_word' id='word_1_47' title='bbox 223 1114 370 1168; x_wconf 86' lang='lat' dir='ltr'><em>lselasu&#39;ci.</em></span> <span class='ocrx_word' id='word_1_48' title='bbox 386 1112 459 1167; x_wconf 84' lang='lat' dir='ltr'>Vide</span> <span class='ocrx_word' id='word_1_49' title='bbox 481 1115 669 1183; x_wconf 66' lang='lat' dir='ltr'><em>Rauennam,</em></span> <span class='ocrx_word' id='word_1_50' title='bbox 682 1115 718 1168; x_wconf 87' lang='lat' dir='ltr'><em>ds</em></span> <span class='ocrx_word' id='word_1_51' title='bbox 739 1114 834 1183; x_wconf 80' lang='lat' dir='ltr'><em>Circo,</em></span> <span class='ocrx_word' id='word_1_52' title='bbox 850 1133 895 1184; x_wconf 78' lang='lat' dir='ltr'><em>nv,</em></span> <span class='ocrx_word' id='word_1_53' title='bbox 918 1122 946 1170; x_wconf 89' lang='lat' dir='ltr'><em>et</em></span> <span class='ocrx_word' id='word_1_54' title='bbox 968 1115 1069 1185; x_wconf 64' lang='lat' dir='ltr'><em>Fara„</em></span> <span class='ocrx_word' id='word_1_55' title='bbox 1089 1119 1170 1189; x_wconf 69' lang='lat' dir='ltr'><em>Ago·</em></span> 
     </span>
     <span class='ocr_line' id='line_1_8' title="bbox 131 1209 333 1272; baseline -0.005 -11"><span class='ocrx_word' id='word_1_56' title='bbox 131 1209 212 1272; x_wconf 75' lang='lat' dir='ltr'><em>nest,</em></span> <span class='ocrx_word' id='word_1_57' title='bbox 232 1225 272 1268; x_wconf 77' lang='grc' dir='ltr'><em>ιι,</em></span> <span class='ocrx_word' id='word_1_58' title='bbox 290 1225 333 1261; x_wconf 91' lang='grc' dir='ltr'><em>ιο.</em></span> 
     </span>
    </p>

    <p class='ocr_par' dir='ltr' id='par_1_5' title="bbox 131 1297 1169 1466">
     <span class='ocr_line' id='line_1_9' title="bbox 176 1297 1169 1376; baseline -0.001 -21"><span class='ocrx_word' id='word_1_59' title='bbox 176 1299 416 1372; x_wconf 71' lang='lat' dir='ltr'><em>Olympiacam...</em></span> <span class='ocrx_word' id='word_1_60' title='bbox 432 1297 575 1371; x_wconf 74' lang='lat' dir='ltr'><em>Pythiam.</em></span> <span class='ocrx_word' id='word_1_61' title='bbox 586 1329 625 1341; x_wconf 90' lang='lat'><em>-·</em></span> <span class='ocrx_word' id='word_1_62' title='bbox 639 1299 836 1374; x_wconf 74' lang='lat' dir='ltr'><em>Olympiacam</em></span> <span class='ocrx_word' id='word_1_63' title='bbox 845 1299 1018 1376; x_wconf 79' lang='lat' dir='ltr'><em>oleaginum,</em></span> <span class='ocrx_word' id='word_1_64' title='bbox 1033 1299 1169 1373; x_wconf 70' lang='lat' dir='ltr'><em>Pythiam</em></span> 
     </span>
     <span class='ocr_line' id='line_1_10' title="bbox 131 1395 384 1466; baseline -0.016 -18"><span class='ocrx_word' id='word_1_65' title='bbox 131 1395 260 1448; x_wconf 84' lang='lat' dir='ltr'><em>lauream</em></span> <span class='ocrx_word' id='word_1_66' title='bbox 276 1409 384 1466; x_wconf 83' lang='lat' dir='ltr'><em>gerens.</em></span> 
     </span>
    </p>

    <p class='ocr_par' dir='ltr' id='par_1_6' title="bbox 135 1483 1172 1648">
     <span class='ocr_line' id='line_1_11' title="bbox 147 1483 1172 1558; baseline 0.002 -20"><span class='ocrx_word' id='word_1_67' title='bbox 147 1495 149 1498; x_wconf 82' lang='lat'>&#39;</span> <span class='ocrx_word' id='word_1_68' title='bbox 176 1484 344 1538; x_wconf 78' lang='lat' dir='ltr'><em>Ceterarum.</em></span> <span class='ocrx_word' id='word_1_69' title='bbox 364 1483 454 1538; x_wconf 91' lang='lat' dir='ltr'><em>Intell.</em></span> <span class='ocrx_word' id='word_1_70' title='bbox 469 1501 653 1548; x_wconf 60' lang='lat' dir='ltr'><em>coronarum</em></span> <span class='ocrx_word' id='word_1_71' title='bbox 668 1491 701 1538; x_wconf 87' lang='lat' dir='ltr'><em>ul</em></span> <span class='ocrx_word' id='word_1_72' title='bbox 716 1501 829 1557; x_wconf 80' lang='lat' dir='ltr'><em>pompa</em></span> <span class='ocrx_word' id='word_1_73' title='bbox 843 1502 1008 1540; x_wconf 80' lang='lat' dir='ltr'><em>coronarum</em></span> <span class='ocrx_word' id='word_1_74' title='bbox 1021 1485 1058 1540; x_wconf 90' lang='lat' dir='ltr'><em>sit</em></span> <span class='ocrx_word' id='word_1_75' title='bbox 1064 1501 1172 1558; x_wconf 80' lang='lat' dir='ltr'><em>pompa</em></span> 
     </span>
     <span class='ocr_line' id='line_1_12' title="bbox 135 1571 1055 1648; baseline 0 -18"><span class='ocrx_word' id='word_1_76' title='bbox 135 1591 258 1630; x_wconf 85' lang='lat' dir='ltr'><em>coronas</em></span> <span class='ocrx_word' id='word_1_77' title='bbox 273 1571 460 1646; x_wconf 80' lang='lat' dir='ltr'><em>gestantium,</em></span> <span class='ocrx_word' id='word_1_78' title='bbox 473 1583 555 1630; x_wconf 87' lang='lat' dir='ltr'><em>sueto</em></span> <span class='ocrx_word' id='word_1_79' title='bbox 573 1593 641 1646; x_wconf 86' lang='lat' dir='ltr'><em>usn,</em></span> <span class='ocrx_word' id='word_1_80' title='bbox 658 1575 694 1630; x_wconf 91' lang='lat' dir='ltr'><em>de</em></span> <span class='ocrx_word' id='word_1_81' title='bbox 708 1593 768 1648; x_wconf 82' lang='lat' dir='ltr'><em>quo</em></span> <span class='ocrx_word' id='word_1_82' title='bbox 781 1573 847 1630; x_wconf 84' lang='lat' dir='ltr'><em>vide</em></span> <span class='ocrx_word' id='word_1_83' title='bbox 861 1577 1055 1631; x_wconf 80' lang='lat' dir='ltr'><em>Onornnous.</em></span> 
     </span>
    </p>

    <p class='ocr_par' dir='ltr' id='par_1_7' title="bbox 133 1665 1172 1833">
     <span class='ocr_line' id='line_1_13' title="bbox 181 1665 1172 1748; baseline 0.005 -28"><span class='ocrx_word' id='word_1_84' title='bbox 181 1667 289 1721; x_wconf 83' lang='lat' dir='ltr'><em>Titulis.</em></span> <span class='ocrx_word' id='word_1_85' title='bbox 306 1667 351 1721; x_wconf 90' lang='lat' dir='ltr'><em>Sc.</em></span> <span class='ocrx_word' id='word_1_86' title='bbox 373 1665 402 1720; x_wconf 88' lang='lat' dir='ltr'><em>in</em></span> <span class='ocrx_word' id='word_1_87' title='bbox 425 1665 535 1721; x_wconf 80' lang='lat' dir='ltr'><em>tabellis</em></span> <span class='ocrx_word' id='word_1_88' title='bbox 555 1666 642 1723; x_wconf 87' lang='lat' dir='ltr'><em>hastis</em></span> <span class='ocrx_word' id='word_1_89' title='bbox 661 1665 769 1738; x_wconf 76' lang='lat' dir='ltr'><em>atfixis,</em></span> <span class='ocrx_word' id='word_1_90' title='bbox 783 1675 854 1724; x_wconf 74' lang='lat' dir='ltr'><em>seete</em></span> <span class='ocrx_word' id='word_1_91' title='bbox 875 1668 1002 1748; x_wconf 89' lang='lat' dir='ltr'><em>Xipbil.,</em></span> <span class='ocrx_word' id='word_1_92' title='bbox 1020 1668 1069 1724; x_wconf 85' lang='lat' dir='ltr'><em>ub.</em></span> <span class='ocrx_word' id='word_1_93' title='bbox 1092 1685 1172 1742; x_wconf 62' lang='lat' dir='ltr'><em>sup„</em></span> 
     </span>
     <span class='ocr_line' id='line_1_14' title="bbox 133 1758 247 1833; baseline -0.009 -20"><span class='ocrx_word' id='word_1_94' title='bbox 133 1777 163 1833; x_wconf 91' lang='lat' dir='ltr'><em>p.</em></span> <span class='ocrx_word' id='word_1_95' title='bbox 182 1758 247 1824; x_wconf 78' lang='lat'><em>723.</em></span> 
     </span>
    </p>

    <p class='ocr_par' dir='ltr' id='par_1_8' title="bbox 134 1849 1204 2297">
     <span class='ocr_line' id='line_1_15' title="bbox 178 1849 1172 1926; baseline 0.003 -22"><span class='ocrx_word' id='word_1_96' title='bbox 178 1849 377 1924; x_wconf 72' lang='lat' dir='ltr'><em>Augustianos.</em></span> <span class='ocrx_word' id='word_1_97' title='bbox 391 1849 436 1906; x_wconf 87' lang='lat' dir='ltr'><em>De</em></span> <span class='ocrx_word' id='word_1_98' title='bbox 446 1867 571 1923; x_wconf 84' lang='lat' dir='ltr'><em>qnorum</em></span> <span class='ocrx_word' id='word_1_99' title='bbox 583 1865 704 1906; x_wconf 86' lang='lat' dir='ltr'><em>numero</em></span> <span class='ocrx_word' id='word_1_100' title='bbox 720 1859 748 1907; x_wconf 86' lang='lat' dir='ltr'><em>et</em></span> <span class='ocrx_word' id='word_1_101' title='bbox 760 1854 861 1926; x_wconf 88' lang='lat' dir='ltr'><em>plausu</em></span> <span class='ocrx_word' id='word_1_102' title='bbox 870 1893 878 1922; x_wconf 90' lang='lat'><em>,</em></span> <span class='ocrx_word' id='word_1_103' title='bbox 887 1852 953 1921; x_wconf 85' lang='lat' dir='ltr'><em>Dio,</em></span> <span class='ocrx_word' id='word_1_104' title='bbox 967 1869 1031 1920; x_wconf 78' lang='lat' dir='ltr'><em>uxr,</em></span> <span class='ocrx_word' id='word_1_105' title='bbox 1050 1871 1079 1925; x_wconf 92' lang='lat' dir='ltr'><em>p.</em></span> <span class='ocrx_word' id='word_1_106' title='bbox 1100 1852 1172 1926; x_wconf 86' lang='lat'><strong>699;</strong></span> 
     </span>
     <span class='ocr_line' id='line_1_16' title="bbox 134 1939 1173 2018; baseline 0.002 -20"><span class='ocrx_word' id='word_1_107' title='bbox 134 1942 239 2011; x_wconf 65' lang='lat' dir='ltr'><em>Tacit„</em></span> <span class='ocrx_word' id='word_1_108' title='bbox 260 1944 461 2013; x_wconf 84' lang='lat' dir='ltr'><em>Annal.,x1v,</em></span> <span class='ocrx_word' id='word_1_109' title='bbox 482 1939 515 1998; x_wconf 74' lang='grc' dir='ltr'><em>ιδ</em></span> <span class='ocrx_word' id='word_1_110' title='bbox 534 1944 656 1999; x_wconf 75' lang='grc' dir='ltr'>ιιΤιιιιι</span> <span class='ocrx_word' id='word_1_111' title='bbox 670 1943 794 2018; x_wconf 87' lang='lat' dir='ltr'><em>primum</em></span> <span class='ocrx_word' id='word_1_112' title='bbox 812 1943 966 2016; x_wconf 85' lang='lat' dir='ltr'><em>conscripti</em></span> <span class='ocrx_word' id='word_1_113' title='bbox 980 1953 1046 2000; x_wconf 86' lang='lat' dir='ltr'><em>sunt</em></span> <span class='ocrx_word' id='word_1_114' title='bbox 1064 1944 1173 2018; x_wconf 84' lang='lat' dir='ltr'><em>equites</em></span> 
     </span>
     <span class='ocr_line' id='line_1_17' title="bbox 134 2031 1173 2109; baseline 0.004 -22"><span class='ocrx_word' id='word_1_115' title='bbox 134 2031 263 2104; x_wconf 83' lang='lat' dir='ltr'><em>romani,</em></span> <span class='ocrx_word' id='word_1_116' title='bbox 284 2043 474 2108; x_wconf 77' lang='lat' dir='ltr'><em>cognomento</em></span> <span class='ocrx_word' id='word_1_117' title='bbox 488 2035 729 2109; x_wconf 74' lang='lat' dir='ltr'><em>&#39;Augustanorum</em></span> <span class='ocrx_word' id='word_1_118' title='bbox 744 2035 782 2092; x_wconf 88' lang='lat' dir='ltr'><em>Hi</em></span> <span class='ocrx_word' id='word_1_119' title='bbox 796 2036 856 2093; x_wconf 87' lang='lat' dir='ltr'><em>dies</em></span> <span class='ocrx_word' id='word_1_120' title='bbox 868 2054 900 2092; x_wconf 81' lang='lat' dir='ltr'><em>ac</em></span> <span class='ocrx_word' id='word_1_121' title='bbox 915 2045 1015 2091; x_wconf 87' lang='lat' dir='ltr'><em>noctes</em></span> <span class='ocrx_word' id='word_1_122' title='bbox 1027 2036 1173 2109; x_wconf 83' lang='lat' dir='ltr'><em>plausibus</em></span> 
     </span>
     <span class='ocr_line' id='line_1_18' title="bbox 135 2117 1174 2203; baseline 0.002 -23"><span class='ocrx_word' id='word_1_123' title='bbox 135 2143 305 2199; x_wconf 88' lang='lat' dir='ltr'><em>personare,</em></span> <span class='ocrx_word' id='word_1_124' title='bbox 319 2125 440 2180; x_wconf 80' lang='lat' dir='ltr'><em>sormam</em></span> <span class='ocrx_word' id='word_1_125' title='bbox 453 2127 591 2202; x_wconf 87' lang='lat' dir='ltr'><em>principis</em></span> <span class='ocrx_word' id='word_1_126' title='bbox 604 2147 762 2203; x_wconf 81' lang='lat' dir='ltr'><em>vocemque</em></span> <span class='ocrx_word' id='word_1_127' title='bbox 776 2128 861 2184; x_wconf 90' lang='lat' dir='ltr'><em>deum</em></span> <span class='ocrx_word' id='word_1_128' title='bbox 871 2117 1018 2184; x_wconf 81' lang='lat' dir='ltr'><em>vocabulis</em></span> <span class='ocrx_word' id='word_1_129' title='bbox 1030 2127 1174 2202; x_wconf 81' lang='lat' dir='ltr'><em>appellan-</em></span> 
     </span>
     <span class='ocr_line' id='line_1_19' title="bbox 136 2218 1204 2297; baseline 0.001 -26"><span class='ocrx_word' id='word_1_130' title='bbox 136 2228 193 2288; x_wconf 85' lang='lat' dir='ltr'><em>tes,</em></span> <span class='ocrx_word' id='word_1_131' title='bbox 211 2218 293 2291; x_wconf 89' lang='lat' dir='ltr'><em>quasi</em></span> <span class='ocrx_word' id='word_1_132' title='bbox 308 2235 360 2291; x_wconf 87' lang='lat' dir='ltr'><em>per</em></span> <span class='ocrx_word' id='word_1_133' title='bbox 373 2218 508 2274; x_wconf 84' lang='lat' dir='ltr'><em>virtutem</em></span> <span class='ocrx_word' id='word_1_134' title='bbox 523 2220 592 2275; x_wconf 85' lang='lat' dir='ltr'><em>clari</em></span> <span class='ocrx_word' id='word_1_135' title='bbox 606 2221 797 2295; x_wconf 81' lang='lat' dir='ltr'><em>honoratique</em></span> <span class='ocrx_word' id='word_1_136' title='bbox 811 2239 903 2297; x_wconf 84' lang='lat' dir='ltr'><em>agere.</em></span> <span class='ocrx_word' id='word_1_137' title='bbox 916 2243 931 2271; x_wconf 71' lang='lat' dir='ltr'><em>&gt;s</em></span> <span class='ocrx_word' id='word_1_138' title='bbox 1199 2219 1204 2228; x_wconf 85' lang='grc'><strong>“</strong></span> 
     </span>
    </p>

    <p class='ocr_par' dir='ltr' id='par_1_9' title="bbox 141 2309 1173 2458">
     <span class='ocr_line' id='line_1_20' title="bbox 178 2309 1173 2382; baseline 0.005 -19"><span class='ocrx_word' id='word_1_139' title='bbox 178 2310 313 2364; x_wconf 78' lang='lat' dir='ltr'><em>Maximi.</em></span> <span class='ocrx_word' id='word_1_140' title='bbox 341 2312 384 2366; x_wconf 88' lang='lat' dir='ltr'><em>De</em></span> <span class='ocrx_word' id='word_1_141' title='bbox 412 2309 495 2367; x_wconf 87' lang='lat' dir='ltr'><em>Circo</em></span> <span class='ocrx_word' id='word_1_142' title='bbox 519 2313 643 2370; x_wconf 86' lang='lat' dir='ltr'><em>maximo</em></span> <span class='ocrx_word' id='word_1_143' title='bbox 666 2313 707 2370; x_wconf 83' lang='lat' dir='ltr'><em>CI.</em></span> <span class='ocrx_word' id='word_1_144' title='bbox 731 2315 878 2382; x_wconf 68' lang='lat' dir='ltr'><em>Illarum,</em></span> <span class='ocrx_word' id='word_1_145' title='bbox 902 2315 981 2368; x_wconf 75' lang='lat' dir='ltr'><em>Rom.</em></span> <span class='ocrx_word' id='word_1_146' title='bbox 1006 2313 1084 2379; x_wconf 77' lang='lat' dir='ltr'><em>Vct..</em></span> <span class='ocrx_word' id='word_1_147' title='bbox 1108 2332 1173 2382; x_wconf 78' lang='lat' dir='ltr'><em>vsi,</em></span> 
     </span>
     <span class='ocr_line' id='line_1_21' title="bbox 141 2411 243 2458; baseline 0.01 -2"><span class='ocrx_word' id='word_1_148' title='bbox 141 2421 152 2456; x_wconf 89' lang='lat'>1</span> <span class='ocrx_word' id='word_1_149' title='bbox 174 2411 203 2458; x_wconf 86' lang='lat' dir='ltr'><em>et</em></span> <span class='ocrx_word' id='word_1_150' title='bbox 218 2421 243 2458; x_wconf 86' lang='lat' dir='ltr'><em>a.</em></span> 
     </span>
    </p>

    <p class='ocr_par' dir='ltr' id='par_1_10' title="bbox 179 2493 1138 2568">
     <span class='ocr_line' id='line_1_22' title="bbox 179 2493 1138 2568; baseline 0.002 -20"><span class='ocrx_word' id='word_1_151' title='bbox 179 2494 291 2566; x_wconf 71' lang='lat' dir='ltr'><em>Sparso.</em></span> <span class='ocrx_word' id='word_1_152' title='bbox 305 2493 397 2549; x_wconf 88' lang='lat' dir='ltr'><em>Etiam</em></span> <span class='ocrx_word' id='word_1_153' title='bbox 416 2494 452 2550; x_wconf 87' lang='lat' dir='ltr'><em>ab</em></span> <span class='ocrx_word' id='word_1_154' title='bbox 467 2495 595 2566; x_wconf 87' lang='lat' dir='ltr'><em>Othone,</em></span> <span class='ocrx_word' id='word_1_155' title='bbox 609 2515 644 2552; x_wconf 82' lang='lat' dir='ltr'><em>ex</em></span> <span class='ocrx_word' id='word_1_156' title='bbox 660 2497 822 2563; x_wconf 84' lang='lat' dir='ltr'><em>Plutarcho,</em></span> <span class='ocrx_word' id='word_1_157' title='bbox 833 2495 863 2550; x_wconf 91' lang='lat' dir='ltr'><em>in</em></span> <span class='ocrx_word' id='word_1_158' title='bbox 879 2496 991 2562; x_wconf 86' lang='lat' dir='ltr'><em>Galba,</em></span> <span class='ocrx_word' id='word_1_159' title='bbox 1008 2514 1036 2568; x_wconf 94' lang='lat' dir='ltr'><em>p.</em></span> <span class='ocrx_word' id='word_1_160' title='bbox 1055 2495 1138 2552; x_wconf 84' lang='lat'><strong>1061.</strong></span> 
     </span>
    </p>

    <p class='ocr_par' dir='ltr' id='par_1_11' title="bbox 135 2585 1172 2830">
     <span class='ocr_line' id='line_1_23' title="bbox 178 2585 1172 2662; baseline 0 -20"><span class='ocrx_word' id='word_1_161' title='bbox 178 2587 285 2642; x_wconf 85' lang='lat' dir='ltr'><em>Lectos.</em></span> <span class='ocrx_word' id='word_1_162' title='bbox 302 2585 517 2642; x_wconf 78' lang='lat' dir='ltr'><em>Assentiendum</em></span> <span class='ocrx_word' id='word_1_163' title='bbox 533 2588 679 2658; x_wconf 85' lang='lat' dir='ltr'><em>Ernestio,</em></span> <span class='ocrx_word' id='word_1_164' title='bbox 698 2587 748 2662; x_wconf 90' lang='lat' dir='ltr'><em>qui</em></span> <span class='ocrx_word' id='word_1_165' title='bbox 767 2585 804 2642; x_wconf 85' lang='lat' dir='ltr'><em>ad</em></span> <span class='ocrx_word' id='word_1_166' title='bbox 817 2606 926 2642; x_wconf 87' lang='lat' dir='ltr'><em>rnorem</em></span> <span class='ocrx_word' id='word_1_167' title='bbox 939 2597 1079 2662; x_wconf 80' lang='lat' dir='ltr'><em>provocat</em></span> <span class='ocrx_word' id='word_1_168' title='bbox 1101 2605 1172 2662; x_wconf 91' lang='lat' dir='ltr'><em>spo-</em></span> 
     </span>
     <span class='ocr_line' id='line_1_24' title="bbox 135 2677 1172 2757; baseline 0.001 -21"><span class='ocrx_word' id='word_1_169' title='bbox 135 2678 174 2736; x_wconf 86' lang='lat' dir='ltr'><em>lia</em></span> <span class='ocrx_word' id='word_1_170' title='bbox 194 2677 328 2752; x_wconf 87' lang='lat' dir='ltr'><em>donaque</em></span> <span class='ocrx_word' id='word_1_171' title='bbox 346 2677 374 2734; x_wconf 91' lang='lat' dir='ltr'><em>in</em></span> <span class='ocrx_word' id='word_1_172' title='bbox 395 2681 532 2736; x_wconf 85' lang='lat' dir='ltr'><em>cubiculis</em></span> <span class='ocrx_word' id='word_1_173' title='bbox 553 2681 746 2755; x_wconf 85' lang='lat' dir='ltr'><em>suspendendi</em></span> <span class='ocrx_word' id='word_1_174' title='bbox 764 2691 792 2737; x_wconf 91' lang='lat' dir='ltr'><em>et</em></span> <span class='ocrx_word' id='word_1_175' title='bbox 808 2680 943 2757; x_wconf 79' lang='lat' dir='ltr'><em>imagines</em></span> <span class='ocrx_word' id='word_1_176' title='bbox 963 2679 1172 2737; x_wconf 73' lang='lat' dir='ltr'><em>carissimorum</em></span> 
     </span>
     <span class='ocr_line' id='line_1_25' title="bbox 136 2769 620 2830; baseline 0.008 -4"><span class='ocrx_word' id='word_1_177' title='bbox 136 2770 286 2827; x_wconf 87' lang='lat' dir='ltr'><em>bominum</em></span> <span class='ocrx_word' id='word_1_178' title='bbox 299 2769 405 2827; x_wconf 88' lang='lat' dir='ltr'><em>ibidem</em></span> <span class='ocrx_word' id='word_1_179' title='bbox 420 2773 620 2830; x_wconf 89' lang='lat' dir='ltr'><em>constituendi.</em></span> 
     </span>
    </p>

    <p class='ocr_par' dir='ltr' id='par_1_12' title="bbox 177 2864 671 2941">
     <span class='ocr_line' id='line_1_26' title="bbox 177 2864 671 2941; baseline 0.006 -23"><span class='ocrx_word' id='word_1_180' title='bbox 177 2864 337 2919; x_wconf 79' lang='lat' dir='ltr'><em>Phanasco.</em></span> <span class='ocrx_word' id='word_1_181' title='bbox 357 2864 430 2921; x_wconf 89' lang='lat' dir='ltr'><em>Vide</em></span> <span class='ocrx_word' id='word_1_182' title='bbox 444 2870 539 2941; x_wconf 54' lang='lat' dir='ltr'><em>Aug„</em></span> <span class='ocrx_word' id='word_1_183' title='bbox 555 2885 671 2922; x_wconf 72' lang='lat' dir='ltr'><em>cxxxiv.</em></span> 
     </span>
    </p>

    <p class='ocr_par' dir='ltr' id='par_1_13' title="bbox 179 2956 1155 3033">
     <span class='ocr_line' id='line_1_27' title="bbox 179 2956 1155 3033; baseline -0.002 -21"><span class='ocrx_word' id='word_1_184' title='bbox 179 2957 246 3013; x_wconf 78' lang='lat' dir='ltr'><em>Car.</em></span> <span class='ocrx_word' id='word_1_185' title='bbox 261 2957 370 3012; x_wconf 82' lang='lat' dir='ltr'>XXVI.</span> <span class='ocrx_word' id='word_1_186' title='bbox 383 2959 453 3012; x_wconf 83' lang='lat' dir='ltr'><em>Post</em></span> <span class='ocrx_word' id='word_1_187' title='bbox 468 2963 668 3033; x_wconf 80' lang='lat' dir='ltr'><em>crepusculum.</em></span> <span class='ocrx_word' id='word_1_188' title='bbox 688 2957 730 3014; x_wconf 85' lang='lat' dir='ltr'><em>CI.</em></span> <span class='ocrx_word' id='word_1_189' title='bbox 747 2961 865 3027; x_wconf 67' lang='lat' dir='ltr'><em>Tucim,</em></span> <span class='ocrx_word' id='word_1_190' title='bbox 880 2959 1004 3026; x_wconf 79' lang='lat' dir='ltr'><em>Annal,</em></span> <span class='ocrx_word' id='word_1_191' title='bbox 1020 2974 1093 3028; x_wconf 77' lang='lat' dir='ltr'><em>xtra,</em></span> <span class='ocrx_word' id='word_1_192' title='bbox 1108 2956 1155 3012; x_wconf 72' lang='lat'><em>25.</em></span> 
     </span>
    </p>

    <p class='ocr_par' dir='ltr' id='par_1_14' title="bbox 137 3047 1175 3300">
     <span class='ocr_line' id='line_1_28' title="bbox 180 3047 1175 3125; baseline 0.001 -21"><span class='ocrx_word' id='word_1_193' title='bbox 180 3047 342 3104; x_wconf 76' lang='lat' dir='ltr'><em>constituta.</em></span> <span class='ocrx_word' id='word_1_194' title='bbox 359 3049 393 3104; x_wconf 89' lang='lat' dir='ltr'><em>ll.</em></span> <span class='ocrx_word' id='word_1_195' title='bbox 410 3067 434 3104; x_wconf 89' lang='lat' dir='ltr'><em>e.</em></span> <span class='ocrx_word' id='word_1_196' title='bbox 449 3049 560 3122; x_wconf 86' lang='lat' dir='ltr'><em>lorum,</em></span> <span class='ocrx_word' id='word_1_197' title='bbox 574 3061 604 3106; x_wconf 90' lang='lat' dir='ltr'><em>ut</em></span> <span class='ocrx_word' id='word_1_198' title='bbox 614 3051 651 3110; x_wconf 83' lang='lat' dir='ltr'><em>ita</em></span> <span class='ocrx_word' id='word_1_199' title='bbox 667 3051 775 3122; x_wconf 88' lang='lat' dir='ltr'><em>dicam,</em></span> <span class='ocrx_word' id='word_1_200' title='bbox 787 3050 1004 3125; x_wconf 67' lang='lat' dir='ltr'><em>praedatoriulm</em></span> <span class='ocrx_word' id='word_1_201' title='bbox 1019 3059 1175 3106; x_wconf 85' lang='lat' dir='ltr'><em>castrorum</em></span> 
     </span>
     <span class='ocr_line' id='line_1_29' title="bbox 137 3139 1175 3218; baseline 0 -24"><span class='ocrx_word' id='word_1_202' title='bbox 137 3141 236 3210; x_wconf 85' lang='lat' dir='ltr'><em>instar,</em></span> <span class='ocrx_word' id='word_1_203' title='bbox 254 3139 334 3196; x_wconf 89' lang='lat' dir='ltr'><em>domi</em></span> <span class='ocrx_word' id='word_1_204' title='bbox 347 3142 503 3198; x_wconf 89' lang='lat' dir='ltr'><em>constituit.</em></span> <span class='ocrx_word' id='word_1_205' title='bbox 521 3144 593 3199; x_wconf 87' lang='lat' dir='ltr'><em>Nam</em></span> <span class='ocrx_word' id='word_1_206' title='bbox 611 3146 749 3218; x_wconf 76' lang='lat' dir='ltr'><em>quantana</em></span> <span class='ocrx_word' id='word_1_207' title='bbox 767 3143 823 3199; x_wconf 84' lang='lat' dir='ltr'><em>luit</em></span> <span class='ocrx_word' id='word_1_208' title='bbox 835 3141 954 3218; x_wconf 87' lang='lat' dir='ltr'><em>proprie</em></span> <span class='ocrx_word' id='word_1_209' title='bbox 975 3161 1042 3216; x_wconf 86' lang='lat' dir='ltr'><em>pars</em></span> <span class='ocrx_word' id='word_1_210' title='bbox 1062 3152 1175 3196; x_wconf 83' lang='lat' dir='ltr'><em>castro-</em></span> 
     </span>
     <span class='ocr_line' id='line_1_30' title="bbox 137 3231 477 3300; baseline 0.006 -15"><span class='ocrx_word' id='word_1_211' title='bbox 137 3251 217 3300; x_wconf 81' lang='lat' dir='ltr'><em>mm,</em></span> <span class='ocrx_word' id='word_1_212' title='bbox 232 3231 284 3288; x_wconf 89' lang='lat' dir='ltr'><em>ubi</em></span> <span class='ocrx_word' id='word_1_213' title='bbox 298 3251 343 3287; x_wconf 86' lang='lat' dir='ltr'><em>res</em></span> <span class='ocrx_word' id='word_1_214' title='bbox 357 3233 477 3288; x_wconf 87' lang='lat' dir='ltr'><em>venales.</em></span> 
     </span>
    </p>

    <p class='ocr_par' dir='ltr' id='par_1_15' title="bbox 137 3323 1177 3491">
     <span class='ocr_line' id='line_1_31' title="bbox 178 3323 1177 3398; baseline 0.001 -20"><span class='ocrx_word' id='word_1_215' title='bbox 178 3323 208 3378; x_wconf 84' lang='lat' dir='ltr'><em>A</em></span> <span class='ocrx_word' id='word_1_216' title='bbox 225 3325 359 3398; x_wconf 80' lang='lat' dir='ltr'><em>quodam.</em></span> <span class='ocrx_word' id='word_1_217' title='bbox 380 3323 446 3380; x_wconf 81' lang='lat' dir='ltr'><em>Fuit</em></span> <span class='ocrx_word' id='word_1_218' title='bbox 468 3323 514 3380; x_wconf 88' lang='lat' dir='ltr'><em>ille</em></span> <span class='ocrx_word' id='word_1_219' title='bbox 536 3326 628 3380; x_wconf 82' lang='lat' dir='ltr'><em>Julius</em></span> <span class='ocrx_word' id='word_1_220' title='bbox 651 3326 819 3392; x_wconf 88' lang='lat' dir='ltr'><em>Montanus,</em></span> <span class='ocrx_word' id='word_1_221' title='bbox 846 3336 907 3384; x_wconf 90' lang='lat' dir='ltr'><em>test.</em></span> <span class='ocrx_word' id='word_1_222' title='bbox 926 3324 1031 3395; x_wconf 71' lang='lat' dir='ltr'><em>Tacit,</em></span> <span class='ocrx_word' id='word_1_223' title='bbox 1049 3326 1068 3381; x_wconf 93' lang='lat' dir='ltr'><em>l.</em></span> <span class='ocrx_word' id='word_1_224' title='bbox 1089 3344 1128 3396; x_wconf 87' lang='lat' dir='ltr'><em>c.,</em></span> <span class='ocrx_word' id='word_1_225' title='bbox 1148 3333 1177 3379; x_wconf 85' lang='lat' dir='ltr'><em>et</em></span> 
     </span>
     <span class='ocr_line' id='line_1_32' title="bbox 137 3414 474 3491; baseline 0 -20"><span class='ocrx_word' id='word_1_226' title='bbox 137 3414 267 3489; x_wconf 61' lang='lat' dir='ltr'><em>Xiphil„</em></span> <span class='ocrx_word' id='word_1_227' title='bbox 282 3435 391 3490; x_wconf 80' lang='lat' dir='ltr'><em>u1,p.</em></span> <span class='ocrx_word' id='word_1_228' title='bbox 408 3417 474 3491; x_wconf 81' lang='lat'><strong>693.</strong></span> 
     </span>
    </p>

    <p class='ocr_par' dir='ltr' id='par_1_16' title="bbox 179 3507 766 3580">
     <span class='ocr_line' id='line_1_33' title="bbox 179 3507 766 3580; baseline 0.003 -18"><span class='ocrx_word' id='word_1_229' title='bbox 179 3507 303 3566; x_wconf 84' lang='lat' dir='ltr'><em>Publica.</em></span> <span class='ocrx_word' id='word_1_230' title='bbox 325 3508 367 3564; x_wconf 79' lang='lat' dir='ltr'><em>Cf.</em></span> <span class='ocrx_word' id='word_1_231' title='bbox 382 3511 496 3580; x_wconf 62' lang='lat' dir='ltr'><em>Time,</em></span> <span class='ocrx_word' id='word_1_232' title='bbox 515 3513 637 3576; x_wconf 75' lang='lat' dir='ltr'><em>Annal,</em></span> <span class='ocrx_word' id='word_1_233' title='bbox 654 3528 701 3578; x_wconf 85' lang='lat' dir='ltr'><em>xv,</em></span> <span class='ocrx_word' id='word_1_234' title='bbox 720 3507 766 3579; x_wconf 82' lang='lat'><em>37.</em></span> 
     </span>
    </p>

    <p class='ocr_par' dir='ltr' id='par_1_17' title="bbox 131 3599 1179 3954">
     <span class='ocr_line' id='line_1_34' title="bbox 181 3599 1177 3658; baseline -0.001 -4"><span class='ocrx_word' id='word_1_235' title='bbox 181 3599 247 3654; x_wconf 79' lang='lat' dir='ltr'><em>Car.</em></span> <span class='ocrx_word' id='word_1_236' title='bbox 262 3601 386 3656; x_wconf 86' lang='lat' dir='ltr'>XXVII.</span> <span class='ocrx_word' id='word_1_237' title='bbox 402 3602 556 3656; x_wconf 75' lang='lat' dir='ltr'><em>Melitta...</em></span> <span class='ocrx_word' id='word_1_238' title='bbox 571 3603 687 3656; x_wconf 80' lang='lat' dir='ltr'><em>rosaria.</em></span> <span class='ocrx_word' id='word_1_239' title='bbox 702 3603 787 3658; x_wconf 85' lang='lat' dir='ltr'><em>Hunc</em></span> <span class='ocrx_word' id='word_1_240' title='bbox 807 3603 902 3656; x_wconf 89' lang='lat' dir='ltr'><em>locum</em></span> <span class='ocrx_word' id='word_1_241' title='bbox 918 3603 995 3657; x_wconf 73' lang='lat' dir='ltr'><em>sarit</em></span> <span class='ocrx_word' id='word_1_242' title='bbox 1008 3607 1177 3656; x_wconf 79' lang='lat' dir='ltr'><em>tentaturus</em></span> 
     </span>
     <span class='ocr_line' id='line_1_35' title="bbox 138 3689 1179 3769; baseline 0 -24"><span class='ocrx_word' id='word_1_243' title='bbox 138 3689 208 3746; x_wconf 81' lang='lat' dir='ltr'><em>viris</em></span> <span class='ocrx_word' id='word_1_244' title='bbox 231 3691 307 3746; x_wconf 91' lang='lat' dir='ltr'><em>doct.</em></span> <span class='ocrx_word' id='word_1_245' title='bbox 331 3693 370 3748; x_wconf 88' lang='lat' dir='ltr'><em>sic</em></span> <span class='ocrx_word' id='word_1_246' title='bbox 391 3692 595 3769; x_wconf 82' lang='lat' dir='ltr'><em>interpretatur</em></span> <span class='ocrx_word' id='word_1_247' title='bbox 612 3693 653 3749; x_wconf 82' lang='lat' dir='ltr'><em>cl.</em></span> <span class='ocrx_word' id='word_1_248' title='bbox 678 3696 779 3748; x_wconf 84' lang='lat' dir='ltr'><em>Hase:</em></span> <span class='ocrx_word' id='word_1_249' title='bbox 802 3717 813 3741; x_wconf 84' lang='grc' dir='ltr'>ι</span> <span class='ocrx_word' id='word_1_250' title='bbox 831 3693 888 3751; x_wconf 87' lang='lat' dir='ltr'><em>Uni</em></span> <span class='ocrx_word' id='word_1_251' title='bbox 906 3695 1015 3749; x_wconf 79' lang='lat' dir='ltr'><em>mellita</em></span> <span class='ocrx_word' id='word_1_252' title='bbox 1036 3693 1179 3766; x_wconf 81' lang='lat' dir='ltr'><em>absorptio</em></span> 
     </span>
     <span class='ocr_line' id='line_1_36' title="bbox 138 3783 1178 3858; baseline -0.001 -20"><span class='ocrx_word' id='word_1_253' title='bbox 138 3783 303 3858; x_wconf 74' lang='lat' dir='ltr'><em>quadrigIes</em></span> <span class='ocrx_word' id='word_1_254' title='bbox 328 3783 457 3840; x_wconf 85' lang='lat' dir='ltr'><em>sestertio</em></span> <span class='ocrx_word' id='word_1_255' title='bbox 482 3784 622 3856; x_wconf 76' lang='lat' dir='ltr'><em>constitit3</em></span> <span class='ocrx_word' id='word_1_256' title='bbox 645 3785 727 3842; x_wconf 87' lang='lat' dir='ltr'><em>alteri</em></span> <span class='ocrx_word' id='word_1_257' title='bbox 746 3787 857 3840; x_wconf 79' lang='lat' dir='ltr'><em>rosaria</em></span> <span class='ocrx_word' id='word_1_258' title='bbox 877 3787 921 3841; x_wconf 90' lang='lat' dir='ltr'><em>vel</em></span> <span class='ocrx_word' id='word_1_259' title='bbox 943 3785 1040 3849; x_wconf 83' lang='lat' dir='ltr'><em>potius</em></span> <span class='ocrx_word' id='word_1_260' title='bbox 1060 3802 1178 3838; x_wconf 85' lang='lat' dir='ltr'><em>msacea</em></span> 
     </span>
     <span class='ocr_line' id='line_1_37' title="bbox 131 3868 890 3954; baseline -0.001 -21"><span class='ocrx_word' id='word_1_261' title='bbox 131 3868 185 3950; x_wconf 67' lang='grc' dir='ltr'><em>’(Ιι</em></span> <span class='ocrx_word' id='word_1_262' title='bbox 201 3893 225 3931; x_wconf 88' lang='lat' dir='ltr'><em>e.</em></span> <span class='ocrx_word' id='word_1_263' title='bbox 240 3893 315 3949; x_wconf 87' lang='lat' dir='ltr'><em>aqna</em></span> <span class='ocrx_word' id='word_1_264' title='bbox 334 3875 461 3954; x_wconf 85' lang='lat' dir='ltr'><em>rosacea)</em></span> <span class='ocrx_word' id='word_1_265' title='bbox 476 3877 593 3934; x_wconf 86' lang='lat' dir='ltr'><em>condita</em></span> <span class='ocrx_word' id='word_1_266' title='bbox 604 3878 695 3950; x_wconf 85' lang='lat' dir='ltr'><em>pluris</em></span> <span class='ocrx_word' id='word_1_267' title='bbox 711 3878 890 3953; x_wconf 78' lang='lat' dir='ltr'><em>aliquanto.»</em></span> 
     </span>
    </p>

    <p class='ocr_par' dir='ltr' id='par_1_18' title="bbox 137 3966 1180 4222">
     <span class='ocr_line' id='line_1_38' title="bbox 180 3966 1180 4047; baseline 0 -26"><span class='ocrx_word' id='word_1_268' title='bbox 180 3966 247 4022; x_wconf 73' lang='lat' dir='ltr'><em>Cur.</em></span> <span class='ocrx_word' id='word_1_269' title='bbox 263 3968 404 4026; x_wconf 88' lang='lat' dir='ltr'>XXVIII.</span> <span class='ocrx_word' id='word_1_270' title='bbox 420 3972 609 4045; x_wconf 73' lang='lat' dir='ltr'><em>ingenuorum</em></span> <span class='ocrx_word' id='word_1_271' title='bbox 618 3971 808 4047; x_wconf 76' lang='lat' dir='ltr'><em>padagogla.</em></span> <span class='ocrx_word' id='word_1_272' title='bbox 824 3968 913 4044; x_wconf 84' lang='lat' dir='ltr'><em>Turpi</em></span> <span class='ocrx_word' id='word_1_273' title='bbox 936 3985 1020 4024; x_wconf 87' lang='lat' dir='ltr'><em>sensu</em></span> <span class='ocrx_word' id='word_1_274' title='bbox 1032 3967 1180 4042; x_wconf 73' lang='lat' dir='ltr'><em>padago-</em></span> 
     </span>
     <span class='ocr_line' id='line_1_39' title="bbox 137 4054 1179 4136; baseline 0 -26"><span class='ocrx_word' id='word_1_275' title='bbox 137 4056 190 4130; x_wconf 60' lang='grc' dir='ltr'><em>(ἀι</em></span> <span class='ocrx_word' id='word_1_276' title='bbox 203 4067 269 4112; x_wconf 88' lang='lat' dir='ltr'><em>sunt</em></span> <span class='ocrx_word' id='word_1_277' title='bbox 286 4058 349 4116; x_wconf 87' lang='lat' dir='ltr'><em>loca</em></span> <span class='ocrx_word' id='word_1_278' title='bbox 367 4058 419 4118; x_wconf 89' lang='lat' dir='ltr'><em>ubi</em></span> <span class='ocrx_word' id='word_1_279' title='bbox 433 4061 517 4136; x_wconf 85' lang='lat' dir='ltr'><em>pueri</em></span> <span class='ocrx_word' id='word_1_280' title='bbox 538 4063 689 4119; x_wconf 82' lang='lat' dir='ltr'><em>alebantur</em></span> <span class='ocrx_word' id='word_1_281' title='bbox 706 4063 798 4136; x_wconf 81' lang='lat' dir='ltr'><em>stupri</em></span> <span class='ocrx_word' id='word_1_282' title='bbox 822 4077 919 4130; x_wconf 65' lang='lat' dir='ltr'><em>erasm</em></span> <span class='ocrx_word' id='word_1_283' title='bbox 933 4077 965 4116; x_wconf 81' lang='lat' dir='ltr'><em>sc</em></span> <span class='ocrx_word' id='word_1_284' title='bbox 983 4057 1100 4130; x_wconf 71' lang='lat' dir='ltr'><em>ingenui</em></span> <span class='ocrx_word' id='word_1_285' title='bbox 1111 4054 1179 4130; x_wconf 89' lang='lat' dir='ltr'><em>qui-</em></span> 
     </span>
     <span class='ocr_line' id='line_1_40' title="bbox 137 4154 417 4222; baseline 0.039 -23"><span class='ocrx_word' id='word_1_286' title='bbox 137 4157 201 4202; x_wconf 67' lang='lat' dir='ltr'><em>etem</em></span> <span class='ocrx_word' id='word_1_287' title='bbox 219 4167 273 4222; x_wconf 86' lang='lat' dir='ltr'><em>pro</em></span> <span class='ocrx_word' id='word_1_288' title='bbox 286 4154 417 4210; x_wconf 77' lang='lat' dir='ltr'><em>ecclesis.</em></span> 
     </span>
    </p>
   </div>
   <div class='ocr_carea' id='block_1_5' title="bbox 1005 4253 1058 4324">
    <p class='ocr_par' dir='ltr' id='par_1_19' title="bbox 1005 4253 1058 4324">
     <span class='ocr_line' id='line_1_41' title="bbox 1005 4253 1058 4324; baseline -0.019 -2"><span class='ocrx_word' id='word_1_289' title='bbox 1005 4253 1058 4324; x_wconf 79' lang='lat'><em>18.</em></span> 
     </span>
    </p>
   </div>
   <div class='ocr_carea' id='block_1_6' title="bbox 0 0 1619 5430">
    <p class='ocr_par' dir='ltr' id='par_1_20' title="bbox 0 0 1619 5430">
     <span class='ocr_line' id='line_1_42' title="bbox 0 0 1619 5430; baseline 0 0"><span class='ocrx_word' id='word_1_290' title='bbox 0 0 1619 5430; x_wconf 95' lang='lat' dir='ltr'><em> </em></span> 
     </span>
    </p>
   </div>
  </div>
 </body>
</html>
