3164 5442
414 507 455 563 IN
476 509 661 566 truttmunt
681 509 877 564 NERONEM.
1115 511 1170 566 213

167 621 267 676 lledr'r't.
280 621 385 692 Tacit,
398 626 523 692 Annal,
538 644 566 694 v,
591 643 621 694 r,
637 643 653 679 α
671 644 701 678 e«
714 624 773 697 Qui
784 622 834 701 (sc.
850 622 983 680 Tiberius
997 625 1174 704 Nero)bello

129 713 261 788 perusino
289 715 445 791 profugus,
468 733 539 789 pace
559 715 635 772 inter
660 718 738 774 Sext.
764 716 988 791 Pompeiumne
1010 717 1177 778 triumviros

129 816 222 880 pacta,
236 807 267 863 in
278 808 387 864 Urbem
400 808 494 864 rediit
505 832 521 861 a

166 900 301 975 Augusto.
315 900 390 958 vide
406 920 469 975 sup.
486 905 623 977 August,
641 921 713 959 uxrr.
1070 956 1075 961 .

166 993 231 1049 Car.
244 997 280 1050 V.
302 997 337 1048 Iu
359 995 484 1051 Palatio.
504 996 539 1049 H.
554 1013 579 1050 e.
593 994 624 1048 in
636 993 737 1052 Palatii
749 995 882 1071 regione,
895 994 962 1052 vide
976 996 1043 1052 ibid.
1050 1039 1060 1065 ,
1075 1017 1101 1054 v.

168 1084 339 1143 Consulibus.
356 1088 392 1142 Δ.
407 1088 443 1143 U.
461 1105 526 1158 7¹²·

166 1178 231 1232 Cer.
257 1179 307 1234 vl.
329 1180 506 1234 Exercitum.
522 1179 570 1236 Sic
588 1177 674 1247 Ptin,
695 1179 824 1254 Paneg„
847 1195 955 1234 uxxvr
980 1181 1174 1257 :cintelligi-

125 1287 198 1339 mus,
212 1270 313 1339 Caesar,
330 1281 470 1344 quantum
484 1270 537 1326 tibi
557 1289 613 1345 pro
627 1269 771 1326 laboriosa
788 1268 835 1324 illa
858 1268 981 1325 statione
999 1279 1028 1326 et
1048 1271 1173 1328 exercite

126 1359 307 1418 debeamus.»

163 1456 261 1529 Fugoe.
280 1443 369 1528 vett,
389 1475 435 1526 11,
455 1455 510 1528 75,
534 1456 550 1513 3
572 1476 580 1512 ε
598 1455 705 1512 «Livia
726 1456 840 1532 fugiens
857 1471 927 1511 mox
945 1455 1033 1515 futuri
1051 1459 1095 1514 sui
1109 1461 1173 1517 cn-

124 1545 191 1603 saris
200 1565 294 1618 ma,
303 1549 353 1604 rix
362 1547 471 1603 bimum
478 1550 557 1604 hunc
570 1548 719 1605 Tiberium
727 1548 893 1604 Caesarem...
908 1559 1021 1624 gestans
1033 1550 1112 1623 dnn,
1120 1571 1171 1626 per

123 1637 183 1695 aria
193 1638 344 1711 itinerum,
358 1641 454 1697 vitatis
466 1639 590 1697 militum
598 1641 713 1719 gladiis,
727 1660 788 1698 uno
803 1641 974 1711 comitante,
989 1661 1050 1717 quo
1063 1644 1172 1700 facilius

123 1732 314 1788 occultaretur
335 1733 417 1807 fuga,
430 1734 563 1807 pervenit
583 1733 621 1790 ad
640 1752 732 1804 mare,
747 1744 776 1788 et
795 1751 860 1788 cum
882 1732 947 1788 viro
970 1735 1087 1792 Nerone
1102 1755 1171 1811 per-

122 1833 201 1879 vecta
215 1823 246 1879 in
260 1823 384 1880 Siciliam
402 1836 452 1880 est.
464 1849 477 1876 s
854 1839 858 1851 ·

160 1917 203 1971 Μ.
221 1917 327 1972 Gallio.
346 1916 418 1989 Quis
435 1917 522 1974 suerit
540 1918 651 1974 Gallius
664 1917 712 1974 ille
729 1917 879 1973 incertum.

161 2010 284 2066 Nomine
297 2010 439 2066 abstinuit.
454 2011 490 2066 H.
506 2029 530 2066 e.
546 2009 741 2066 haereditatem
756 2009 928 2084 repudiavit.

164 2102 328 2176 Triumpho.
342 2105 378 2158 A.
392 2104 427 2159 U.
447 2100 513 2174 725.
529 2101 604 2156 Vide
623 2119 709 2175 supra
724 2105 861 2177 August,
877 2121 954 2159 xxrr.

158 2195 269 2250 Funalr'
288 2213 366 2268 equo.
391 2223 429 2236 —·
452 2195 571 2249 Funalr's
589 2211 681 2268 equus
698 2203 775 2264 erat,
796 2193 847 2268 qui
866 2206 948 2251 extra
970 2194 1089 2270 jugum,
1113 2196 1172 2252 sive

119 2297 202 2357 ante,
221 2285 281 2342 sive
297 2304 314 2342 a
331 2287 419 2342 latere
433 2285 617 2361 jungebatur.
1061 2287 1063 2294 ’

157 2380 200 2435 Et
217 2377 357 2449 Trojams.
375 2378 453 2433 Nihil
469 2377 646 2434 difficultatis
668 2377 697 2432 b.
712 2379 730 2432 l.
746 2377 902 2451 supererit,
916 2378 956 2449 si,
975 2389 1111 2434 monente
1130 2382 1170 2436 Cl.

117 2474 215 2538 Herse,
240 2481 351 2527 resecto
371 2483 399 2527 et
418 2473 494 2547 legas
521 2490 528 2526 :
552 2469 715 2541 «Trojanis
738 2468 921 2526 Circensibus
941 2470 1046 2526 ductor
1073 2481 1172 2526 turmae

114 2581 278 2636 puerorum
291 2562 442 2635 majorum.
458 2588 470 2613 »

156 2658 228 2714 Cer.
244 2657 307 2712 vlt.
323 2657 475 2712 lludlarr'r's.
497 2655 533 2710 Η.
551 2672 574 2708 e.
592 2651 666 2708 rude
684 2651 798 2708 donatis
819 2671 826 2706 τ
848 2652 886 2708 ad
909 2669 1024 2708 arenam
1041 2655 1171 2710 revocari

115 2767 176 2804 non
190 2759 329 2824 poterant
342 2746 434 2803 inviti.
449 2747 562 2804 Idcirco
578 2744 712 2802 Tiberius
729 2763 835 2819 magno
849 2743 945 2818 pretio
965 2763 1028 2814 eos,
1049 2755 1082 2799 ut
1102 2757 1171 2818 pote

114 2841 306 2913 peritissimos
318 2839 449 2914 pellexit,
465 2849 498 2895 nt
512 2837 598 2893 ludos
616 2855 683 2892 suos
701 2837 873 2894 celebriores
892 2835 1035 2892 redderet.

158 2935 280 2990 Absens.
299 2933 374 2988 Vide
388 2950 473 3006 supra
488 2935 608 3005 August.
616 2970 626 2997 ‚
641 2948 728 2986 xcrrr.

154 3027 314 3101 Epistoloe.
343 3028 456 3095 Senem,
484 3023 568 3097 epist.
599 3040 651 3078 m
676 3041 684 3076 :
711 3021 808 3077 «Nihil
834 3020 877 3078 illi
902 3018 1058 3094 profuisset
1083 3039 1171 3096 gener

115 3118 264 3195 Agrippa,
278 3127 307 3173 et
319 3117 453 3174 Tiberius
471 3132 626 3190 progener,
644 3125 673 3170 et
692 3117 804 3170 Drusus
823 3115 916 3170 Caesar
930 3131 1078 3187 pronepos
1094 3133 1101 3168 ι
1120 3113 1167 3169 in-

113 3223 159 3267 ter
174 3222 236 3268 tarn
251 3229 354 3286 magna
368 3209 486 3266 nomina
504 3217 655 3278 taceretur,
669 3206 724 3263 nisi
739 3206 841 3264 Cicero
858 3206 939 3263 illurn
954 3205 1169 3280 applicuisset„

153 3305 276 3359 Marito.
291 3287 402 3376 Nempe
416 3300 551 3378 Agrippa.
566 3299 641 3356 Vide
656 3303 745 3374 Augu,
762 3318 844 3355 mu.

155 3396 351 3453 Tumenu'bus.
362 3395 428 3452 Scil.
443 3392 554 3451 obortis
567 3392 712 3468 lacrymis,
721 3391 771 3448 sed
780 3391 911 3448 nondum
920 3390 1032 3462 effluis,
1041 3399 1169 3445 monent.

111 3492 273 3546 Bnrmann.

157 3582 346 3639 Custoditum.
367 3581 403 3638 Η.
418 3601 443 3639 e.
465 3591 589 3638 cautum.

158 3677 335 3748 Intercepto.
355 3676 448 3732 Intell.
463 3684 589 3731 mortuo.

154 3767 274 3824 Amisit
295 3769 495 3842 Vell.,11,97
521 3786 529 3823 ε
549 3767 700 3823 «Drusum
721 3782 823 3840 magna
843 3781 880 3819 ex
899 3771 981 3836 parte
999 3759 1169 3816 domitorem

109 3859 292 3931 Germaniae,
306 3860 432 3933 plurimo
447 3861 508 3933 ejus
522 3859 615 3936 gentis
628 3857 714 3914 variis
732 3857 763 3912 in
784 3855 856 3912 locis
873 3853 997 3930 profuso
1014 3849 1170 3926 sangiune,

108 3954 248 4010 satorum
269 3951 421 4028 iniquitas,
443 3954 589 4009 consulem
617 3961 747 4027 agentem
779 3967 886 4006 annum
913 3944 1090 4021 trigesimum
1119 3960 1169 3997 rs-

108 4045 186 4120 puit.
207 4071 221 4096 ι»
235 4045 282 4102 Ad
296 4065 382 4120 quem
403 4055 588 4122 egrotantem
607 4062 693 4118 quam
708 4041 855 4098 celerrime
873 4038 1020 4112 profectus
1035 4043 1103 4092 erat.
1127 4035 1169 4090 Gt.

107 4141 186 4196 Vn..
206 4141 299 4208 Mam,
314 4157 341 4208 r,
357 4137 382 4194 5.
