<?xml version="1.0" encoding="UTF-8"?>
<!DOCTYPE html PUBLIC "-//W3C//DTD XHTML 1.0 Transitional//EN"
    "http://www.w3.org/TR/xhtml1/DTD/xhtml1-transitional.dtd">
<html xmlns="http://www.w3.org/1999/xhtml" xml:lang="en" lang="en">
 <head>
  <title>
</title>
<meta http-equiv="Content-Type" content="text/html;charset=utf-8" />
  <meta name='ocr-system' content='tesseract 3.04.00' />
  <meta name='ocr-capabilities' content='ocr_page ocr_carea ocr_par ocr_line ocrx_word'/>
</head>
<body>
  <div class='ocr_page' id='page_1' title='image "./caiisuetonitran00grosgoog_0390.png"; bbox 0 0 3168 5440; ppageno 0'>
   <div class='ocr_carea' id='block_1_1' title="bbox 346 483 1188 544">
    <p class='ocr_par' dir='ltr' id='par_1_1' title="bbox 346 483 1188 544">
     <span class='ocr_line' id='line_1_1' title="bbox 346 483 1188 544; baseline -0.001 -2"><span class='ocrx_word' id='word_1_1' title='bbox 346 486 398 542; x_wconf 85' lang='lat' dir='ltr'><strong>DE</strong></span> <span class='ocrx_word' id='word_1_2' title='bbox 415 483 659 542; x_wconf 81' lang='lat' dir='ltr'>ILLUSTRIBUS</span> <span class='ocrx_word' id='word_1_3' title='bbox 681 487 964 544; x_wconf 76' lang='lat' dir='ltr'>GRAMMATICIS.</span> <span class='ocrx_word' id='word_1_4' title='bbox 1153 485 1188 542; x_wconf 67' lang='lat' dir='ltr'><strong>a}</strong></span> 
     </span>
    </p>
   </div>
   <div class='ocr_carea' id='block_1_2' title="bbox 141 609 1231 3357">
    <p class='ocr_par' dir='ltr' id='par_1_2' title="bbox 145 609 1231 1911">
     <span class='ocr_line' id='line_1_2' title="bbox 148 609 1189 705; baseline 0.001 -26"><span class='ocrx_word' id='word_1_5' title='bbox 148 609 395 704; x_wconf 84' lang='lat' dir='ltr'><strong>philosophiam</strong></span> <span class='ocrx_word' id='word_1_6' title='bbox 433 613 565 705; x_wconf 88' lang='lat' dir='ltr'><strong>primo,</strong></span> <span class='ocrx_word' id='word_1_7' title='bbox 599 609 717 680; x_wconf 88' lang='lat' dir='ltr'><strong>deinde</strong></span> <span class='ocrx_word' id='word_1_8' title='bbox 751 611 975 698; x_wconf 82' lang='lat' dir='ltr'>rhetoricam,</span> <span class='ocrx_word' id='word_1_9' title='bbox 1012 617 1189 682; x_wconf 84' lang='lat' dir='ltr'><strong>novissime</strong></span> 
     </span>
     <span class='ocr_line' id='line_1_3' title="bbox 147 729 1231 826; baseline 0.002 -28"><span class='ocrx_word' id='word_1_10' title='bbox 147 733 397 826; x_wconf 85' lang='lat' dir='ltr'><strong>grammaticam</strong></span> <span class='ocrx_word' id='word_1_11' title='bbox 418 731 541 800; x_wconf 85' lang='lat' dir='ltr'><strong>docuit.</strong></span> <span class='ocrx_word' id='word_1_12' title='bbox 568 731 712 800; x_wconf 88' lang='lat' dir='ltr'><strong>Dimissa</strong></span> <span class='ocrx_word' id='word_1_13' title='bbox 735 747 848 800; x_wconf 90' lang='lat' dir='ltr'><strong>autem</strong></span> <span class='ocrx_word' id='word_1_14' title='bbox 874 730 1004 818; x_wconf 86' lang='lat' dir='ltr'><strong>schola,</strong></span> <span class='ocrx_word' id='word_1_15' title='bbox 1023 729 1188 800; x_wconf 84' lang='lat' dir='ltr'>Rutilium</span> <span class='ocrx_word' id='word_1_16' title='bbox 1226 741 1231 750; x_wconf 91' lang='lat'>&#39;</span> 
     </span>
     <span class='ocr_line' id='line_1_4' title="bbox 146 850 1188 946; baseline 0.001 -27"><span class='ocrx_word' id='word_1_17' title='bbox 146 850 274 920; x_wconf 86' lang='lat' dir='ltr'><strong>Rufum</strong></span> <span class='ocrx_word' id='word_1_18' title='bbox 299 851 493 921; x_wconf 89' lang='lat' dir='ltr'><strong>damnatum</strong></span> <span class='ocrx_word' id='word_1_19' title='bbox 520 853 554 920; x_wconf 90' lang='lat' dir='ltr'><strong>in</strong></span> <span class='ocrx_word' id='word_1_20' title='bbox 583 853 692 926; x_wconf 82' lang='lat' dir='ltr'><strong>Asiam</strong></span> <span class='ocrx_word' id='word_1_21' title='bbox 721 865 872 939; x_wconf 92' lang='lat' dir='ltr'><strong>secutus,</strong></span> <span class='ocrx_word' id='word_1_22' title='bbox 896 851 1017 920; x_wconf 85' lang='lat' dir='ltr'><strong>ibidem</strong></span> <span class='ocrx_word' id='word_1_23' title='bbox 1040 854 1188 946; x_wconf 74' lang='lat' dir='ltr'><strong>Smyrnae</strong></span> 
     </span>
     <span class='ocr_line' id='line_1_5' title="bbox 147 969 1190 1066; baseline 0 -28"><span class='ocrx_word' id='word_1_24' title='bbox 147 969 314 1066; x_wconf 89' lang='lat' dir='ltr'><strong>simulque</strong></span> <span class='ocrx_word' id='word_1_25' title='bbox 328 971 519 1057; x_wconf 84' lang='lat' dir='ltr'><strong>consenuit3</strong></span> <span class='ocrx_word' id='word_1_26' title='bbox 534 973 788 1066; x_wconf 85' lang='lat' dir='ltr'>composuitque</span> <span class='ocrx_word' id='word_1_27' title='bbox 805 971 904 1039; x_wconf 81' lang='lat' dir='ltr'><strong>variae</strong></span> <span class='ocrx_word' id='word_1_28' title='bbox 920 970 1116 1040; x_wconf 91' lang='lat' dir='ltr'><strong>eruditionis</strong></span> <span class='ocrx_word' id='word_1_29' title='bbox 1130 970 1190 1039; x_wconf 91' lang='lat' dir='ltr'><strong>ali·</strong></span> 
     </span>
     <span class='ocr_line' id='line_1_6' title="bbox 147 1089 1191 1192; baseline -0.001 -31"><span class='ocrx_word' id='word_1_30' title='bbox 147 1108 230 1186; x_wconf 89' lang='lat' dir='ltr'><strong>quot</strong></span> <span class='ocrx_word' id='word_1_31' title='bbox 249 1092 440 1192; x_wconf 81' lang='lat' dir='ltr'><strong>volumina,</strong></span> <span class='ocrx_word' id='word_1_32' title='bbox 458 1119 499 1162; x_wconf 81' lang='lat' dir='ltr'><strong>ex</strong></span> <span class='ocrx_word' id='word_1_33' title='bbox 518 1089 640 1187; x_wconf 84' lang='lat' dir='ltr'><strong>quibus</strong></span> <span class='ocrx_word' id='word_1_34' title='bbox 659 1119 777 1163; x_wconf 91' lang='lat' dir='ltr'><strong>novem</strong></span> <span class='ocrx_word' id='word_1_35' title='bbox 799 1094 898 1161; x_wconf 91' lang='lat' dir='ltr'><strong>unius</strong></span> <span class='ocrx_word' id='word_1_36' title='bbox 915 1095 1065 1187; x_wconf 91' lang='lat' dir='ltr'><strong>corporis</strong></span> <span class='ocrx_word' id='word_1_37' title='bbox 1083 1118 1092 1160; x_wconf 75' lang='grc' dir='ltr'><strong><em>ε</em></strong></span> <span class='ocrx_word' id='word_1_38' title='bbox 1112 1093 1191 1186; x_wconf 93' lang='lat' dir='ltr'><strong>qui,</strong></span> 
     </span>
     <span class='ocr_line' id='line_1_7' title="bbox 145 1211 1191 1308; baseline -0.001 -25"><span class='ocrx_word' id='word_1_39' title='bbox 145 1216 225 1308; x_wconf 93' lang='lat' dir='ltr'><strong>quia</strong></span> <span class='ocrx_word' id='word_1_40' title='bbox 250 1216 428 1308; x_wconf 78' lang='lat' dir='ltr'><strong>scriptores</strong></span> <span class='ocrx_word' id='word_1_41' title='bbox 453 1240 492 1284; x_wconf 93' lang='lat' dir='ltr'><strong>ac</strong></span> <span class='ocrx_word' id='word_1_42' title='bbox 513 1229 627 1308; x_wconf 87' lang='lat' dir='ltr'><strong>poetas</strong></span> <span class='ocrx_word' id='word_1_43' title='bbox 656 1215 718 1284; x_wconf 94' lang='lat' dir='ltr'><strong>sub</strong></span> <span class='ocrx_word' id='word_1_44' title='bbox 742 1211 894 1284; x_wconf 83' lang='lat' dir='ltr'><strong>clientela</strong></span> <span class='ocrx_word' id='word_1_45' title='bbox 914 1215 1088 1282; x_wconf 86' lang='lat' dir='ltr'><strong>Musarum</strong></span> <span class='ocrx_word' id='word_1_46' title='bbox 1101 1212 1191 1306; x_wconf 88' lang='lat' dir='ltr'><strong>judi-</strong></span> 
     </span>
     <span class='ocr_line' id='line_1_8' title="bbox 146 1333 1189 1429; baseline -0.001 -25"><span class='ocrx_word' id='word_1_47' title='bbox 146 1349 258 1421; x_wconf 90' lang='lat' dir='ltr'><strong>caret,</strong></span> <span class='ocrx_word' id='word_1_48' title='bbox 278 1361 346 1404; x_wconf 91' lang='lat' dir='ltr'><strong>non</strong></span> <span class='ocrx_word' id='word_1_49' title='bbox 366 1335 512 1404; x_wconf 83' lang='lat' dir='ltr'><strong>absurde</strong></span> <span class='ocrx_word' id='word_1_50' title='bbox 529 1350 563 1404; x_wconf 87' lang='lat' dir='ltr'><strong>et</strong></span> <span class='ocrx_word' id='word_1_51' title='bbox 581 1337 748 1429; x_wconf 84' lang='lat' dir='ltr'><strong>scripsisse</strong></span> <span class='ocrx_word' id='word_1_52' title='bbox 765 1349 797 1402; x_wconf 92' lang='lat' dir='ltr'><strong>et</strong></span> <span class='ocrx_word' id='word_1_53' title='bbox 816 1333 931 1402; x_wconf 78' lang='lat' dir='ltr'><strong>secisse</strong></span> <span class='ocrx_word' id='word_1_54' title='bbox 950 1357 985 1402; x_wconf 91' lang='lat' dir='ltr'><strong>se</strong></span> <span class='ocrx_word' id='word_1_55' title='bbox 1004 1335 1050 1402; x_wconf 88' lang='lat' dir='ltr'><strong>ait</strong></span> <span class='ocrx_word' id='word_1_56' title='bbox 1068 1357 1109 1402; x_wconf 80' lang='lat' dir='ltr'><strong>ex</strong></span> <span class='ocrx_word' id='word_1_57' title='bbox 1127 1359 1189 1403; x_wconf 91' lang='lat' dir='ltr'><strong>nu·</strong></span> 
     </span>
     <span class='ocr_line' id='line_1_9' title="bbox 148 1453 1190 1551; baseline -0.002 -27"><span class='ocrx_word' id='word_1_58' title='bbox 148 1479 241 1524; x_wconf 90' lang='lat' dir='ltr'><strong>mero</strong></span> <span class='ocrx_word' id='word_1_59' title='bbox 260 1454 413 1524; x_wconf 88' lang='lat' dir='ltr'><strong>divarum</strong></span> <span class='ocrx_word' id='word_1_60' title='bbox 433 1471 467 1525; x_wconf 88' lang='lat' dir='ltr'><strong>et</strong></span> <span class='ocrx_word' id='word_1_61' title='bbox 489 1454 722 1551; x_wconf 81' lang='lat' dir='ltr'><strong>appellatione.</strong></span> <span class='ocrx_word' id='word_1_62' title='bbox 741 1457 849 1549; x_wconf 90' lang='lat' dir='ltr'><strong>Hujus</strong></span> <span class='ocrx_word' id='word_1_63' title='bbox 868 1479 1053 1549; x_wconf 83' lang='lat' dir='ltr'><strong>cognomen</strong></span> <span class='ocrx_word' id='word_1_64' title='bbox 1072 1456 1106 1524; x_wconf 93' lang='lat' dir='ltr'><strong>in</strong></span> <span class='ocrx_word' id='word_1_65' title='bbox 1123 1453 1190 1548; x_wconf 92' lang='lat' dir='ltr'><strong>ple·</strong></span> 
     </span>
     <span class='ocr_line' id='line_1_10' title="bbox 148 1573 1188 1669; baseline -0.002 -25"><span class='ocrx_word' id='word_1_66' title='bbox 148 1577 260 1669; x_wconf 90' lang='lat' dir='ltr'><strong>risque</strong></span> <span class='ocrx_word' id='word_1_67' title='bbox 281 1577 444 1646; x_wconf 89' lang='lat' dir='ltr'><strong>indicibus</strong></span> <span class='ocrx_word' id='word_1_68' title='bbox 470 1591 502 1645; x_wconf 91' lang='lat' dir='ltr'><strong>et</strong></span> <span class='ocrx_word' id='word_1_69' title='bbox 532 1575 635 1645; x_wconf 89' lang='lat' dir='ltr'><strong>titulis</strong></span> <span class='ocrx_word' id='word_1_70' title='bbox 655 1601 714 1669; x_wconf 87' lang='lat' dir='ltr'><strong>per</strong></span> <span class='ocrx_word' id='word_1_71' title='bbox 734 1600 834 1644; x_wconf 86' lang='lat' dir='ltr'><strong>unam</strong></span> <span class='ocrx_word' id='word_1_72' title='bbox 857 1573 1001 1644; x_wconf 88' lang='lat' dir='ltr'><strong>litteram</strong></span> <span class='ocrx_word' id='word_1_73' title='bbox 1027 1577 1188 1669; x_wconf 86' lang='lat' dir='ltr'><strong>scriptum</strong></span> 
     </span>
     <span class='ocr_line' id='line_1_11' title="bbox 149 1695 1189 1791; baseline 0 -27"><span class='ocrx_word' id='word_1_74' title='bbox 149 1695 380 1766; x_wconf 85' lang='lat' dir='ltr'><strong>animadverto</strong></span> <span class='ocrx_word' id='word_1_75' title='bbox 402 1723 410 1765; x_wconf 91' lang='lat'><strong>:</strong></span> <span class='ocrx_word' id='word_1_76' title='bbox 429 1722 546 1766; x_wconf 89' lang='lat' dir='ltr'><strong>verum</strong></span> <span class='ocrx_word' id='word_1_77' title='bbox 566 1698 635 1791; x_wconf 89' lang='lat' dir='ltr'><strong>ipse</strong></span> <span class='ocrx_word' id='word_1_78' title='bbox 655 1695 687 1764; x_wconf 93' lang='lat' dir='ltr'><strong>id</strong></span> <span class='ocrx_word' id='word_1_79' title='bbox 705 1696 863 1790; x_wconf 91' lang='lat' dir='ltr'><strong>perduas</strong></span> <span class='ocrx_word' id='word_1_80' title='bbox 881 1695 1028 1764; x_wconf 82' lang='lat' dir='ltr'><strong>silentiu</strong></span> <span class='ocrx_word' id='word_1_81' title='bbox 1048 1696 1189 1789; x_wconf 85' lang='lat' dir='ltr'><strong>parasti·</strong></span> 
     </span>
     <span class='ocr_line' id='line_1_12' title="bbox 146 1815 866 1911; baseline 0.001 -26"><span class='ocrx_word' id='word_1_82' title='bbox 146 1816 244 1885; x_wconf 91' lang='lat' dir='ltr'><strong>chide</strong></span> <span class='ocrx_word' id='word_1_83' title='bbox 261 1815 380 1904; x_wconf 85' lang='lat' dir='ltr'><strong>libelli,</strong></span> <span class='ocrx_word' id='word_1_84' title='bbox 397 1819 455 1911; x_wconf 95' lang='lat' dir='ltr'><strong>qui</strong></span> <span class='ocrx_word' id='word_1_85' title='bbox 474 1818 669 1888; x_wconf 87' lang='lat' dir='ltr'><strong>inscribitur</strong></span> <span class='ocrx_word' id='word_1_86' title='bbox 687 1820 817 1888; x_wconf 81' lang='lat' dir='ltr'><strong>Pcirax.</strong></span> <span class='ocrx_word' id='word_1_87' title='bbox 863 1890 866 1896; x_wconf 73' lang='grc'>,</span> 
     </span>
    </p>

    <p class='ocr_par' dir='ltr' id='par_1_3' title="bbox 141 1937 1189 3357">
     <span class='ocr_line' id='line_1_13' title="bbox 195 1937 1189 2032; baseline 0.001 -24"><span class='ocrx_word' id='word_1_88' title='bbox 195 1941 271 2008; x_wconf 80' lang='lat' dir='ltr'>VII.</span> <span class='ocrx_word' id='word_1_89' title='bbox 287 1940 336 2006; x_wconf 90' lang='lat' dir='ltr'><strong>M.</strong></span> <span class='ocrx_word' id='word_1_90' title='bbox 352 1939 518 2007; x_wconf 86' lang='lat' dir='ltr'><strong>Antonius</strong></span> <span class='ocrx_word' id='word_1_91' title='bbox 533 1938 686 2031; x_wconf 91' lang='lat' dir='ltr'><strong>Gnipho,</strong></span> <span class='ocrx_word' id='word_1_92' title='bbox 703 1939 882 2032; x_wconf 90' lang='lat' dir='ltr'><strong>ingenuus,</strong></span> <span class='ocrx_word' id='word_1_93' title='bbox 898 1942 931 2006; x_wconf 93' lang='lat' dir='ltr'><strong>in</strong></span> <span class='ocrx_word' id='word_1_94' title='bbox 947 1937 1054 2009; x_wconf 92' lang='lat' dir='ltr'><strong>Gallia</strong></span> <span class='ocrx_word' id='word_1_95' title='bbox 1073 1953 1189 2028; x_wconf 86' lang='lat' dir='ltr'><strong>natus,</strong></span> 
     </span>
     <span class='ocr_line' id='line_1_14' title="bbox 144 2056 1186 2152; baseline 0.004 -26"><span class='ocrx_word' id='word_1_96' title='bbox 144 2056 207 2142; x_wconf 53' lang='lat' dir='ltr'><strong>sed,</strong></span> <span class='ocrx_word' id='word_1_97' title='bbox 221 2059 410 2152; x_wconf 78' lang='lat' dir='ltr'><strong>expositus3</strong></span> <span class='ocrx_word' id='word_1_98' title='bbox 429 2081 449 2126; x_wconf 92' lang='lat' dir='ltr'><strong>a</strong></span> <span class='ocrx_word' id='word_1_99' title='bbox 474 2058 639 2126; x_wconf 89' lang='lat' dir='ltr'><strong>nutritore</strong></span> <span class='ocrx_word' id='word_1_100' title='bbox 660 2082 720 2126; x_wconf 89' lang='lat' dir='ltr'><strong>suo</strong></span> <span class='ocrx_word' id='word_1_101' title='bbox 739 2059 975 2146; x_wconf 88' lang='lat' dir='ltr'><strong>manumissus,</strong></span> <span class='ocrx_word' id='word_1_102' title='bbox 997 2060 1186 2130; x_wconf 87' lang='lat' dir='ltr'><strong>institutus·</strong></span> 
     </span>
     <span class='ocr_line' id='line_1_15' title="bbox 145 2176 1186 2272; baseline 0 -26"><span class='ocrx_word' id='word_1_103' title='bbox 145 2203 210 2272; x_wconf 91' lang='lat' dir='ltr'><strong>que</strong></span> <span class='ocrx_word' id='word_1_104' title='bbox 234 2176 440 2248; x_wconf 77' lang='lat' dir='ltr'><strong>Alexandriae</strong></span> <span class='ocrx_word' id='word_1_105' title='bbox 461 2177 616 2271; x_wconf 91' lang='lat' dir='ltr'><strong>quidem,</strong></span> <span class='ocrx_word' id='word_1_106' title='bbox 640 2193 677 2246; x_wconf 95' lang='lat' dir='ltr'><strong>ut</strong></span> <span class='ocrx_word' id='word_1_107' title='bbox 700 2176 803 2270; x_wconf 87' lang='lat' dir='ltr'><strong>aliqui</strong></span> <span class='ocrx_word' id='word_1_108' title='bbox 828 2179 983 2267; x_wconf 87' lang='lat' dir='ltr'><strong>tradunt,</strong></span> <span class='ocrx_word' id='word_1_109' title='bbox 1010 2179 1044 2246; x_wconf 92' lang='lat' dir='ltr'><strong>in</strong></span> <span class='ocrx_word' id='word_1_110' title='bbox 1067 2195 1186 2248; x_wconf 91' lang='lat' dir='ltr'><strong>contu·</strong></span> 
     </span>
     <span class='ocr_line' id='line_1_16' title="bbox 144 2298 1187 2394; baseline 0.001 -28"><span class='ocrx_word' id='word_1_111' title='bbox 144 2298 261 2368; x_wconf 91' lang='lat' dir='ltr'><strong>bernio</strong></span> <span class='ocrx_word' id='word_1_112' title='bbox 277 2299 428 2393; x_wconf 83' lang='lat' dir='ltr'><strong>Dionysii</strong></span> <span class='ocrx_word' id='word_1_113' title='bbox 449 2299 740 2394; x_wconf 86' lang='lat' dir='ltr'><strong>Scytobruchionis</strong></span> <span class='ocrx_word' id='word_1_114' title='bbox 757 2298 864 2394; x_wconf 82' lang='lat' dir='ltr'><strong>(quod</strong></span> <span class='ocrx_word' id='word_1_115' title='bbox 884 2299 1036 2393; x_wconf 91' lang='lat' dir='ltr'><strong>equidem</strong></span> <span class='ocrx_word' id='word_1_116' title='bbox 1055 2325 1123 2369; x_wconf 93' lang='lat' dir='ltr'><strong>non</strong></span> <span class='ocrx_word' id='word_1_117' title='bbox 1141 2314 1187 2368; x_wconf 90' lang='lat' dir='ltr'><strong>te-</strong></span> 
     </span>
     <span class='ocr_line' id='line_1_17' title="bbox 144 2419 1185 2514; baseline 0 -26"><span class='ocrx_word' id='word_1_118' title='bbox 144 2445 234 2489; x_wconf 88' lang='lat' dir='ltr'><strong>mere</strong></span> <span class='ocrx_word' id='word_1_119' title='bbox 252 2419 466 2508; x_wconf 87' lang='lat' dir='ltr'><strong>crediderim,</strong></span> <span class='ocrx_word' id='word_1_120' title='bbox 485 2445 589 2512; x_wconf 91' lang='lat' dir='ltr'><strong>quum</strong></span> <span class='ocrx_word' id='word_1_121' title='bbox 607 2434 795 2514; x_wconf 88' lang='lat' dir='ltr'><strong>temporum</strong></span> <span class='ocrx_word' id='word_1_122' title='bbox 812 2420 898 2488; x_wconf 89' lang='lat' dir='ltr'><strong>ratio</strong></span> <span class='ocrx_word' id='word_1_123' title='bbox 914 2421 970 2488; x_wconf 84' lang='lat' dir='ltr'><strong>vix</strong></span> <span class='ocrx_word' id='word_1_124' title='bbox 988 2419 1185 2514; x_wconf 82' lang='lat' dir='ltr'><strong>congruat),</strong></span> 
     </span>
     <span class='ocr_line' id='line_1_18' title="bbox 144 2539 1187 2634; baseline 0.001 -26"><span class='ocrx_word' id='word_1_125' title='bbox 144 2540 245 2610; x_wconf 88' lang='lat' dir='ltr'><strong>fuisse</strong></span> <span class='ocrx_word' id='word_1_126' title='bbox 270 2539 393 2608; x_wconf 89' lang='lat' dir='ltr'><strong>dicitur</strong></span> <span class='ocrx_word' id='word_1_127' title='bbox 418 2541 541 2634; x_wconf 88' lang='lat' dir='ltr'><strong>ingenii</strong></span> <span class='ocrx_word' id='word_1_128' title='bbox 566 2541 695 2634; x_wconf 87' lang='lat' dir='ltr'><strong>magni,</strong></span> <span class='ocrx_word' id='word_1_129' title='bbox 719 2541 887 2608; x_wconf 73' lang='lat' dir='ltr'><strong>memorias</strong></span> <span class='ocrx_word' id='word_1_130' title='bbox 906 2539 1100 2634; x_wconf 87' lang='lat' dir='ltr'><strong>singularis,</strong></span> <span class='ocrx_word' id='word_1_131' title='bbox 1124 2565 1187 2609; x_wconf 93' lang='lat' dir='ltr'><strong>nec</strong></span> 
     </span>
     <span class='ocr_line' id='line_1_19' title="bbox 143 2659 1184 2757; baseline -0.002 -27"><span class='ocrx_word' id='word_1_132' title='bbox 143 2663 253 2731; x_wconf 89' lang='lat' dir='ltr'><strong>minus</strong></span> <span class='ocrx_word' id='word_1_133' title='bbox 273 2685 396 2757; x_wconf 83' lang='lat' dir='ltr'><strong>graece,</strong></span> <span class='ocrx_word' id='word_1_134' title='bbox 418 2686 517 2754; x_wconf 92' lang='lat' dir='ltr'><strong>quam</strong></span> <span class='ocrx_word' id='word_1_135' title='bbox 538 2659 641 2729; x_wconf 89' lang='lat' dir='ltr'><strong>latine</strong></span> <span class='ocrx_word' id='word_1_136' title='bbox 661 2659 778 2728; x_wconf 89' lang='lat' dir='ltr'><strong>doctus</strong></span> <span class='ocrx_word' id='word_1_137' title='bbox 795 2686 803 2728; x_wconf 93' lang='lat'><strong>:</strong></span> <span class='ocrx_word' id='word_1_138' title='bbox 822 2675 978 2753; x_wconf 76' lang='lat' dir='ltr'><strong>praeterea</strong></span> <span class='ocrx_word' id='word_1_139' title='bbox 999 2661 1086 2728; x_wconf 87' lang='lat' dir='ltr'><strong>corni</strong></span> <span class='ocrx_word' id='word_1_140' title='bbox 1105 2661 1184 2728; x_wconf 86' lang='lat' dir='ltr'><strong>faci-</strong></span> 
     </span>
     <span class='ocr_line' id='line_1_20' title="bbox 142 2779 1184 2875; baseline -0.002 -25"><span class='ocrx_word' id='word_1_141' title='bbox 142 2780 233 2875; x_wconf 89' lang='lat' dir='ltr'><strong>lique</strong></span> <span class='ocrx_word' id='word_1_142' title='bbox 252 2795 387 2869; x_wconf 92' lang='lat' dir='ltr'><strong>natura,</strong></span> <span class='ocrx_word' id='word_1_143' title='bbox 406 2806 465 2850; x_wconf 87' lang='lat' dir='ltr'><strong>nec</strong></span> <span class='ocrx_word' id='word_1_144' title='bbox 482 2805 629 2874; x_wconf 89' lang='lat' dir='ltr'><strong>unquam</strong></span> <span class='ocrx_word' id='word_1_145' title='bbox 645 2780 686 2848; x_wconf 94' lang='lat' dir='ltr'><strong>de</strong></span> <span class='ocrx_word' id='word_1_146' title='bbox 703 2779 911 2848; x_wconf 89' lang='lat' dir='ltr'><strong>mercedibus</strong></span> <span class='ocrx_word' id='word_1_147' title='bbox 927 2794 1058 2872; x_wconf 89' lang='lat' dir='ltr'><strong>pactus,</strong></span> <span class='ocrx_word' id='word_1_148' title='bbox 1078 2805 1184 2873; x_wconf 87' lang='lat' dir='ltr'><strong>eoque</strong></span> 
     </span>
     <span class='ocr_line' id='line_1_21' title="bbox 142 2898 1186 2996; baseline -0.001 -27"><span class='ocrx_word' id='word_1_149' title='bbox 142 2900 239 2995; x_wconf 92' lang='lat' dir='ltr'><strong>plura</strong></span> <span class='ocrx_word' id='word_1_150' title='bbox 259 2927 300 2970; x_wconf 77' lang='lat' dir='ltr'><strong>en</strong></span> <span class='ocrx_word' id='word_1_151' title='bbox 315 2898 513 2970; x_wconf 89' lang='lat' dir='ltr'><strong>liberalitate</strong></span> <span class='ocrx_word' id='word_1_152' title='bbox 529 2899 728 2970; x_wconf 87' lang='lat' dir='ltr'><strong>discentium</strong></span> <span class='ocrx_word' id='word_1_153' title='bbox 748 2914 958 2996; x_wconf 84' lang='lat' dir='ltr'><strong>consecutus.</strong></span> <span class='ocrx_word' id='word_1_154' title='bbox 975 2901 1099 2968; x_wconf 89' lang='lat' dir='ltr'><strong>Docuit</strong></span> <span class='ocrx_word' id='word_1_155' title='bbox 1119 2901 1186 2994; x_wconf 90' lang='lat' dir='ltr'><strong>pri·</strong></span> 
     </span>
     <span class='ocr_line' id='line_1_22' title="bbox 144 3019 1185 3114; baseline 0 -24"><span class='ocrx_word' id='word_1_156' title='bbox 144 3047 237 3090; x_wconf 91' lang='lat' dir='ltr'><strong>mum</strong></span> <span class='ocrx_word' id='word_1_157' title='bbox 262 3024 297 3089; x_wconf 94' lang='lat' dir='ltr'><strong>in</strong></span> <span class='ocrx_word' id='word_1_158' title='bbox 320 3020 387 3089; x_wconf 90' lang='lat' dir='ltr'><strong>divi</strong></span> <span class='ocrx_word' id='word_1_159' title='bbox 410 3019 490 3090; x_wconf 88' lang='lat' dir='ltr'><strong>Julii</strong></span> <span class='ocrx_word' id='word_1_160' title='bbox 515 3021 633 3109; x_wconf 92' lang='lat' dir='ltr'><strong>domo,</strong></span> <span class='ocrx_word' id='word_1_161' title='bbox 655 3022 748 3114; x_wconf 90' lang='lat' dir='ltr'><strong>pueri</strong></span> <span class='ocrx_word' id='word_1_162' title='bbox 770 3020 879 3090; x_wconf 88' lang='lat' dir='ltr'><strong>adhuc</strong></span> <span class='ocrx_word' id='word_1_163' title='bbox 900 3046 907 3089; x_wconf 93' lang='lat'><strong>:</strong></span> <span class='ocrx_word' id='word_1_164' title='bbox 930 3019 1049 3088; x_wconf 92' lang='lat' dir='ltr'><strong>deinde</strong></span> <span class='ocrx_word' id='word_1_165' title='bbox 1071 3021 1105 3087; x_wconf 89' lang='lat' dir='ltr'><strong>in</strong></span> <span class='ocrx_word' id='word_1_166' title='bbox 1125 3045 1185 3090; x_wconf 92' lang='lat' dir='ltr'><strong>sua</strong></span> 
     </span>
     <span class='ocr_line' id='line_1_23' title="bbox 141 3140 1185 3238; baseline -0.002 -28"><span class='ocrx_word' id='word_1_167' title='bbox 141 3144 281 3238; x_wconf 86' lang='lat' dir='ltr'><strong>privata.</strong></span> <span class='ocrx_word' id='word_1_168' title='bbox 309 3143 434 3214; x_wconf 90' lang='lat' dir='ltr'><strong>Docuit</strong></span> <span class='ocrx_word' id='word_1_169' title='bbox 461 3157 574 3210; x_wconf 91' lang='lat' dir='ltr'><strong>autem</strong></span> <span class='ocrx_word' id='word_1_170' title='bbox 603 3157 637 3210; x_wconf 94' lang='lat' dir='ltr'><strong>et</strong></span> <span class='ocrx_word' id='word_1_171' title='bbox 661 3142 880 3230; x_wconf 88' lang='lat' dir='ltr'><strong>rhetoricam,</strong></span> <span class='ocrx_word' id='word_1_172' title='bbox 909 3142 953 3209; x_wconf 87' lang='lat' dir='ltr'><strong>ita</strong></span> <span class='ocrx_word' id='word_1_173' title='bbox 974 3155 1012 3209; x_wconf 89' lang='lat' dir='ltr'><strong>ut</strong></span> <span class='ocrx_word' id='word_1_174' title='bbox 1036 3140 1185 3233; x_wconf 87' lang='lat' dir='ltr'><strong>quotidie</strong></span> 
     </span>
     <span class='ocr_line' id='line_1_24' title="bbox 142 3237 1186 3357; baseline -0.002 -25"><span class='ocrx_word' id='word_1_175' title='bbox 142 3277 307 3357; x_wconf 82' lang='lat' dir='ltr'><strong>praecepta</strong></span> <span class='ocrx_word' id='word_1_176' title='bbox 328 3237 526 3355; x_wconf 86' lang='lat' dir='ltr'><strong>eloquentiae</strong></span> <span class='ocrx_word' id='word_1_177' title='bbox 542 3262 706 3348; x_wconf 88' lang='lat' dir='ltr'><strong>traderet,</strong></span> <span class='ocrx_word' id='word_1_178' title='bbox 725 3260 923 3330; x_wconf 89' lang='lat' dir='ltr'><strong>declamaret</strong></span> <span class='ocrx_word' id='word_1_179' title='bbox 941 3286 1019 3330; x_wconf 88' lang='lat' dir='ltr'><strong>vero</strong></span> <span class='ocrx_word' id='word_1_180' title='bbox 1037 3288 1105 3331; x_wconf 91' lang='lat' dir='ltr'><strong>non</strong></span> <span class='ocrx_word' id='word_1_181' title='bbox 1123 3263 1186 3331; x_wconf 91' lang='lat' dir='ltr'><strong>nisi</strong></span> 
     </span>
    </p>
   </div>
   <div class='ocr_carea' id='block_1_3' title="bbox 120 3367 1186 3476">
    <p class='ocr_par' dir='ltr' id='par_1_4' title="bbox 120 3367 1186 3476">
     <span class='ocr_line' id='line_1_25' title="bbox 120 3367 1186 3476; baseline 0.001 -26"><span class='ocrx_word' id='word_1_182' title='bbox 120 3367 124 3378; x_wconf 45' lang='lat'>¹</span> <span class='ocrx_word' id='word_1_183' title='bbox 141 3381 312 3451; x_wconf 90' lang='lat' dir='ltr'><strong>nundinis.</strong></span> <span class='ocrx_word' id='word_1_184' title='bbox 328 3381 482 3451; x_wconf 86' lang='lat' dir='ltr'><strong>Scholam</strong></span> <span class='ocrx_word' id='word_1_185' title='bbox 503 3384 573 3476; x_wconf 89' lang='lat' dir='ltr'><strong>ejus</strong></span> <span class='ocrx_word' id='word_1_186' title='bbox 588 3380 693 3450; x_wconf 92' lang='lat' dir='ltr'><strong>claros</strong></span> <span class='ocrx_word' id='word_1_187' title='bbox 708 3407 841 3476; x_wconf 92' lang='lat' dir='ltr'><strong>quoque</strong></span> <span class='ocrx_word' id='word_1_188' title='bbox 856 3383 944 3450; x_wconf 89' lang='lat' dir='ltr'><strong>viros</strong></span> <span class='ocrx_word' id='word_1_189' title='bbox 960 3382 1186 3475; x_wconf 82' lang='lat' dir='ltr'><strong>frequentasse</strong></span> 
     </span>
    </p>
   </div>
   <div class='ocr_carea' id='block_1_4' title="bbox 137 3503 1187 4201">
    <p class='ocr_par' dir='ltr' id='par_1_5' title="bbox 137 3503 1187 4201">
     <span class='ocr_line' id='line_1_26' title="bbox 140 3503 1187 3597; baseline 0 -26"><span class='ocrx_word' id='word_1_190' title='bbox 140 3504 261 3571; x_wconf 88' lang='lat' dir='ltr'><strong>aiunt:</strong></span> <span class='ocrx_word' id='word_1_191' title='bbox 282 3503 316 3570; x_wconf 92' lang='lat' dir='ltr'><strong>in</strong></span> <span class='ocrx_word' id='word_1_192' title='bbox 334 3503 386 3571; x_wconf 90' lang='lat' dir='ltr'><strong>his</strong></span> <span class='ocrx_word' id='word_1_193' title='bbox 404 3505 557 3571; x_wconf 89' lang='lat' dir='ltr'><strong>Marcum</strong></span> <span class='ocrx_word' id='word_1_194' title='bbox 575 3504 787 3590; x_wconf 88' lang='lat' dir='ltr'><strong>Ciceronem,</strong></span> <span class='ocrx_word' id='word_1_195' title='bbox 802 3504 901 3573; x_wconf 86' lang='lat' dir='ltr'><strong>etiarn</strong></span> <span class='ocrx_word' id='word_1_196' title='bbox 920 3528 1023 3596; x_wconf 89' lang='lat' dir='ltr'><strong>quum</strong></span> <span class='ocrx_word' id='word_1_197' title='bbox 1042 3517 1187 3597; x_wconf 79' lang='lat' dir='ltr'><strong>praetura</strong></span> 
     </span>
     <span class='ocr_line' id='line_1_27' title="bbox 140 3620 1184 3718; baseline 0 -27"><span class='ocrx_word' id='word_1_198' title='bbox 140 3620 346 3718; x_wconf 85' lang='lat' dir='ltr'><strong>fungeretur.</strong></span> <span class='ocrx_word' id='word_1_199' title='bbox 373 3625 512 3716; x_wconf 86' lang='lat' dir='ltr'><strong>Scripsit</strong></span> <span class='ocrx_word' id='word_1_200' title='bbox 531 3621 656 3710; x_wconf 88' lang='lat' dir='ltr'><strong>multa,</strong></span> <span class='ocrx_word' id='word_1_201' title='bbox 677 3625 828 3716; x_wconf 89' lang='lat' dir='ltr'><strong>quamvis</strong></span> <span class='ocrx_word' id='word_1_202' title='bbox 846 3648 971 3691; x_wconf 89' lang='lat' dir='ltr'><strong>annum</strong></span> <span class='ocrx_word' id='word_1_203' title='bbox 990 3624 1095 3691; x_wconf 71' lang='lat' dir='ltr'><strong>aetatis</strong></span> <span class='ocrx_word' id='word_1_204' title='bbox 1115 3648 1184 3691; x_wconf 94' lang='lat' dir='ltr'><strong>non</strong></span> 
     </span>
     <span class='ocr_line' id='line_1_28' title="bbox 138 3741 1184 3837; baseline 0.001 -27"><span class='ocrx_word' id='word_1_205' title='bbox 138 3744 313 3812; x_wconf 87' lang='lat' dir='ltr'><strong>excesserit</strong></span> <span class='ocrx_word' id='word_1_206' title='bbox 331 3769 339 3810; x_wconf 90' lang='lat'>:</span> <span class='ocrx_word' id='word_1_207' title='bbox 357 3745 418 3811; x_wconf 91' lang='lat' dir='ltr'><strong>etsi</strong></span> <span class='ocrx_word' id='word_1_208' title='bbox 434 3744 562 3812; x_wconf 80' lang='lat' dir='ltr'><strong>Atteius</strong></span> <span class='ocrx_word' id='word_1_209' title='bbox 579 3741 772 3837; x_wconf 84' lang='lat' dir='ltr'><strong>Philologus</strong></span> <span class='ocrx_word' id='word_1_210' title='bbox 788 3742 856 3812; x_wconf 93' lang='lat' dir='ltr'><strong>duo</strong></span> <span class='ocrx_word' id='word_1_211' title='bbox 870 3757 999 3810; x_wconf 91' lang='lat' dir='ltr'><strong>tantum</strong></span> <span class='ocrx_word' id='word_1_212' title='bbox 1014 3741 1184 3811; x_wconf 89' lang='lat' dir='ltr'><strong>volumina</strong></span> 
     </span>
     <span class='ocr_line' id='line_1_29' title="bbox 137 3863 1185 3957; baseline -0.001 -25"><span class='ocrx_word' id='word_1_213' title='bbox 137 3863 187 3932; x_wconf 86' lang='lat' dir='ltr'><strong>de</strong></span> <span class='ocrx_word' id='word_1_214' title='bbox 212 3867 336 3934; x_wconf 76' lang='lat' dir='ltr'><strong>Latmo</strong></span> <span class='ocrx_word' id='word_1_215' title='bbox 359 3889 510 3934; x_wconf 86' lang='lat' dir='ltr'><strong>sermone</strong></span> <span class='ocrx_word' id='word_1_216' title='bbox 532 3863 704 3957; x_wconf 90' lang='lat' dir='ltr'><strong>reliquisse</strong></span> <span class='ocrx_word' id='word_1_217' title='bbox 724 3888 799 3932; x_wconf 93' lang='lat' dir='ltr'><strong>eum</strong></span> <span class='ocrx_word' id='word_1_218' title='bbox 825 3863 925 3932; x_wconf 88' lang='lat' dir='ltr'><strong>tradit</strong></span> <span class='ocrx_word' id='word_1_219' title='bbox 948 3887 1054 3930; x_wconf 87' lang='lat' dir='ltr'><strong>:nam</strong></span> <span class='ocrx_word' id='word_1_220' title='bbox 1077 3877 1185 3931; x_wconf 91' lang='lat' dir='ltr'><strong>cetera</strong></span> 
     </span>
     <span class='ocr_line' id='line_1_30' title="bbox 137 3983 1186 4079; baseline 0 -27"><span class='ocrx_word' id='word_1_221' title='bbox 137 3986 265 4078; x_wconf 88' lang='lat' dir='ltr'><strong>scripta</strong></span> <span class='ocrx_word' id='word_1_222' title='bbox 291 3983 531 4079; x_wconf 91' lang='lat' dir='ltr'><strong>discipulorum</strong></span> <span class='ocrx_word' id='word_1_223' title='bbox 555 3986 626 4078; x_wconf 87' lang='lat' dir='ltr'><strong>ejus</strong></span> <span class='ocrx_word' id='word_1_224' title='bbox 651 4009 740 4072; x_wconf 90' lang='lat' dir='ltr'><strong>esse,</strong></span> <span class='ocrx_word' id='word_1_225' title='bbox 764 4010 832 4053; x_wconf 95' lang='lat' dir='ltr'><strong>non</strong></span> <span class='ocrx_word' id='word_1_226' title='bbox 853 3985 955 4078; x_wconf 92' lang='lat' dir='ltr'><strong>ipsius</strong></span> <span class='ocrx_word' id='word_1_227' title='bbox 979 3983 1186 4075; x_wconf 88' lang='lat' dir='ltr'><strong>:inquibus</strong></span> 
     </span>
     <span class='ocr_line' id='line_1_31' title="bbox 137 4105 741 4201; baseline 0.003 -27"><span class='ocrx_word' id='word_1_228' title='bbox 137 4121 176 4175; x_wconf 88' lang='lat' dir='ltr'><strong>et</strong></span> <span class='ocrx_word' id='word_1_229' title='bbox 195 4131 289 4175; x_wconf 90' lang='lat' dir='ltr'><strong>suurn</strong></span> <span class='ocrx_word' id='word_1_230' title='bbox 310 4105 431 4175; x_wconf 87' lang='lat' dir='ltr'><strong>alicubi</strong></span> <span class='ocrx_word' id='word_1_231' title='bbox 452 4109 590 4201; x_wconf 89' lang='lat' dir='ltr'><strong>reperiri</strong></span> <span class='ocrx_word' id='word_1_232' title='bbox 612 4133 741 4177; x_wconf 90' lang='lat' dir='ltr'><strong>nomen.</strong></span> 
     </span>
    </p>
   </div>
   <div class='ocr_carea' id='block_1_5' title="bbox 0 0 1588 5440">
    <p class='ocr_par' dir='ltr' id='par_1_6' title="bbox 0 0 1588 5440">
     <span class='ocr_line' id='line_1_32' title="bbox 0 0 1588 5440; baseline 0 3"><span class='ocrx_word' id='word_1_233' title='bbox 0 0 1588 5440; x_wconf 95' lang='lat' dir='ltr'><strong> </strong></span> 
     </span>
    </p>
   </div>
  </div>
 </body>
</html>
