3108 5434
452 485 490 544 82
844 487 873 542 C.
894 487 1066 544 suarottn

500 615 651 684 XLVIII.
681 617 892 705 Regnorum,
918 611 1036 704 quibus
1062 609 1138 680 belli
1159 612 1233 704 jure
1259 611 1384 703 potitus
1409 627 1471 696 cst,

454 749 572 828 praeter
591 757 712 828 pauca,
733 747 790 800 aut
812 730 947 819 iisdem,
969 731 1089 824 quibus
1113 729 1297 819 ademerat,
1318 729 1471 816 reddidit,

453 867 510 922 aut
519 851 709 946 alienigenis
716 850 906 918 contribuit.
920 853 1027 944 Reges
1039 851 1146 918 socios
1155 851 1255 918 etiam
1270 851 1355 918 inter
1364 865 1473 919 semet-

454 975 543 1066 ipsos
556 969 851 1040 necessitudinibus
863 971 987 1038 mutuis
995 971 1121 1062 junxit,
1135 971 1400 1063 promptissimus
1412 971 1473 1038 alfr-

453 1091 565 1158 nitatis
577 1089 736 1184 cujusque
749 1103 848 1181 atque
864 1089 1015 1158 amicitie
1026 1084 1219 1158 conciliator
1230 1103 1262 1156 et
1278 1087 1405 1174 Iautor;
1419 1113 1475 1156 nec

451 1207 547 1279 aliter
563 1209 748 1292 universos,
763 1231 862 1300 quam
879 1206 1026 1276 membra
1039 1221 1213 1300 partesque
1230 1208 1375 1300 imperii,
1392 1232 1474 1276 curae

451 1327 582 1411 babuit,
600 1340 760 1397 rectorem
781 1349 914 1418 quoque
930 1325 1046 1394 solitus
1069 1350 1235 1419 apponere
1255 1339 1350 1394 etate
1370 1328 1475 1419 parvis

452 1469 490 1514 ac
510 1459 618 1514 ruente
637 1443 751 1538 lapsis,
770 1443 876 1512 donec
892 1443 1130 1532 adolescerent,
1151 1457 1208 1512 aut
1226 1444 1475 1537 resipiscerent:

334 1617 338 1626 .
452 1591 490 1634 ac
513 1563 732 1658 plurimorum
757 1561 877 1632 liberos
900 1577 933 1632 et
957 1563 1109 1632 educavit
1132 1561 1228 1631 simul
1254 1587 1331 1630 cum
1356 1564 1423 1632 suis
1447 1578 1476 1662 qt

454 1685 606 1754 instituit.

499 1805 620 1874 XLIX.
648 1805 696 1870 Ex
717 1799 915 1872 militaribus
934 1803 1037 1896 copiis
1056 1799 1200 1896 legiones
1217 1817 1250 1870 et
1265 1799 1386 1870 auxilia
1405 1827 1478 1894 pro-

452 1923 619 1990 vinciatim
647 1921 815 1990 distribuit
842 1948 850 1989 :
879 1920 1015 1990 classem
1042 1921 1163 1990 Miseni
1191 1936 1225 1989 et
1253 1918 1389 1990 alteram
1418 1925 1480 1990 Ra-

453 2066 585 2125 vennae,
608 2039 649 2110 ad
678 2037 813 2108 tutelam
837 2042 948 2134 superi
974 2055 1008 2108 et
1031 2041 1126 2110 inferi
1150 2041 1268 2127 maris,
1296 2039 1480 2113 collocavit.

453 2163 589 2230 Certum
606 2181 781 2227 numerum
798 2159 918 2251 partim
935 2160 969 2226 in
984 2159 1102 2244 Urbis,
1119 2159 1238 2252 partim
1256 2160 1354 2228 insui
1373 2174 1483 2228 custo-

453 2279 542 2348 diam
569 2277 699 2372 allegit,
725 2277 858 2346 dimissa
886 2275 1211 2372 Calagurritanorum
1239 2303 1358 2366 manu,
1383 2303 1484 2372 quam

454 2398 613 2491 usquead
627 2397 791 2466 devictum
808 2398 1008 2484 Antonium,
1021 2399 1098 2466 item
1112 2399 1371 2484 Gennanorum,
1383 2423 1486 2490 quam

454 2541 559 2610 usque
578 2513 623 2584 'ad
648 2513 774 2584 cladem
798 2516 995 2602 Varianam,
1019 2517 1107 2584 inter
1132 2517 1312 2611 armigeros
1336 2517 1427 2585 circa
1454 2543 1488 2586 so

454 2636 622 2706 habuerat.
648 2636 762 2727 Neque
784 2649 894 2702 tamen
916 2657 1061 2727 unquam
1085 2633 1195 2728 plures
1216 2660 1315 2728 quum
1338 2649 1406 2706 tres
1433 2662 1490 2704 co·

454 2755 565 2824 bortes
594 2755 628 2822 in
657 2755 748 2824 Urbe
774 2777 844 2822 esse
870 2778 983 2847 passus
1007 2768 1076 2840 est,
1102 2777 1221 2846 easque
1247 2755 1318 2822 sine
1342 2756 1489 2823 castris:

454 2873 596 2968 reliquas
611 2875 645 2942 in
660 2873 798 2942 hiberna
813 2888 846 2942 et
861 2875 970 2942 aestiva
985 2874 1071 2942 circa
1085 2871 1224 2942 finitima
1237 2871 1361 2966 oppida
1377 2873 1493 2942 dimit·

454 3008 523 3062 tere
538 3007 694 3062 assuerat.
711 2993 882 3086 Quicquid
898 3007 1008 3062 autern
1025 2992 1148 3084 ubique
1164 2991 1307 3062 militum
1322 3009 1433 3079 esset,
1452 2993 1496 3062 ad

455 3127 578 3180 certam
589 3109 826 3204 stipendiorum
841 3113 1116 3206 praemiorumque
1130 3110 1304 3180 formulam
1317 3115 1497 3198 astrinxit,

454 3229 597 3298 definitis
621 3255 681 3324 pro
703 3229 808 3324 gradu
830 3231 988 3324 cujusque
1009 3247 1042 3298 et
1064 3233 1265 3325 temporibus
1287 3231 1442 3322 militiae,
1465 3250 1501 3301 ot

455 3347 634 3418 commodis
651 3351 860 3439 missionum,
878 3375 919 3420 ue
934 3365 993 3420 aut
1006 3364 1102 3420 rotate
1117 3367 1177 3420 aut
1192 3353 1302 3445 inopia
1320 3367 1401 3445 post
1418 3355 1502 3422 mis·

454 3471 579 3536 sionem
597 3467 765 3538 sollicitari
785 3470 827 3540 ad
844 3495 894 3540 res
913 3495 1014 3540 novas
1032 3487 1175 3564 possent.
1194 3473 1307 3564 thue
1325 3489 1505 3567 perpetuo

454 3613 493 3658 ac
513 3589 583 3656 sine
603 3588 797 3658 difficultate
818 3604 968 3682 sumptus
987 3589 1029 3690 ad
1050 3589 1190 3660 tuendos
1208 3615 1263 3658 eos
1282 3615 1506 3686 prosequen-

454 3705 579 3801 dosque
602 3723 808 3802 suppeteret,
831 3710 983 3778 erarium
1007 3708 1147 3778 militare
1170 3733 1245 3778 curn
1269 3712 1509 3805 vectigalibus

454 3829 547 3898 novis
560 3828 712 3896 instituit.
727 3831 770 3896 Et
783 3853 850 3920 quo
863 3826 1000 3898 celerius
1013 3854 1052 3898 ac
1065 3829 1127 3898 sub
1139 3853 1274 3898 manum
1288 3837 1512 3904 annunciari

453 3947 671 4041 cognoscique
686 3961 807 4042 posset,
822 3948 902 4041 qnid
917 3951 951 4018 in
967 3951 1135 4044 provincia
1151 3975 1283 4044 quaque
1296 3969 1516 4044 gereretur,

451 4064 586 4156 juvenes
614 4067 721 4159 primo
749 4065 885 4135 modicis
915 4067 1095 4136 intervallis
1121 4094 1180 4161 per
1211 4066 1375 4139 militares
1410 4077 1516 4166 vias,
