3168 5440
331 787 468 877 call
503 791 716 879 PLINII
747 791 915 881 VITA.

545 1073 707 1094 ¹⁸⁸-

106 1238 258 1366 Pnimus
275 1295 472 1380 Sucunnus,
494 1293 775 1384 Novocomensis,
791 1293 1000 1388 equestribus
1020 1294 1149 1366 militiis

105 1413 267 1484 industrie
297 1412 449 1502 functus,
476 1414 727 1507 procurationes
754 1438 891 1510 quoque
922 1413 1149 1510 splendidissi-

105 1558 193 1623 mas,
208 1547 308 1628 atque
323 1533 516 1620 continuas,
531 1558 661 1605 summa
677 1535 868 1631 integritate
885 1534 1148 1628 administravit,

104 1669 136 1724 et
164 1669 278 1724 tamen
307 1651 500 1723 liberalibus
525 1652 644 1724 studiis
669 1668 798 1724 tantam
819 1678 958 1749 operam
977 1654 1085 1744 dedit,
1110 1673 1149 1728 ut

104 1799 171 1843 nou
195 1788 320 1844 temere
346 1774 422 1868 quis
444 1771 541 1868 plura
569 1774 604 1843 in
626 1773 698 1844 otio
718 1775 896 1869 scripserit.
917 1778 1036 1870 Itaque
1060 1776 1149 1848 bella

104 1895 233 1984 omnia,
250 1917 324 1987 quse
343 1917 492 1986 unquam
516 1917 594 1962 cum
611 1879 789 1964 Germanis
805 1909 898 1990 gesta
915 1909 1009 1984 sunt,
1027 1896 1148 1992 viginti

106 2013 333 2084 voluminibus
346 2012 610 2108 comprehendit
626 2017 713 2083 Item
733 2012 905 2086 Naturalis
921 2015 1075 2085 Historiae
1089 2019 1149 2086 tri·

104 2136 195 2230 ginta
224 2148 354 2228 septem
381 2131 486 2203 libros
512 2131 666 2203 absolvit.
694 2134 798 2204 Periit
823 2132 917 2205 clade
946 2138 1148 2232 Campaniae.

104 2258 191 2327 Nam
213 2277 318 2349 quum
338 2254 517 2324 misenensi
537 2251 634 2324 classi
653 2269 827 2349 praeesset,
844 2268 880 2324 et
895 2254 1059 2351 flagrante
1081 2261 1149 2328 Ve-

104 2400 181 2444 sevo
203 2374 247 2444 ad
276 2372 496 2469 explorandas
520 2375 659 2469 propius
685 2399 803 2444 causas
826 2371 992 2446 liburnica
1011 2392 1149 2486 perten-

105 2495 227 2582 disset,
255 2519 364 2589 neque
385 2494 638 2564 adversantibus
665 2495 774 2564 ventis
792 2519 941 2565 remeare
962 2511 1095 2590 posset,
1115 2499 1149 2566 vi

106 2614 251 2711 pulveris
269 2639 309 2684 ac
325 2611 446 2684 saville
461 2637 640 2710 oppressus
655 2628 725 2703 est;
739 2612 812 2699 vel,
830 2629 869 2683 ut
887 2613 1024 2708 quidam
1042 2617 1150 2686 existi·

105 2749 215 2825 mant,
245 2759 265 2804 a
289 2758 386 2805 seruo
412 2759 473 2804 suo
499 2735 649 2824 occisus,
669 2758 790 2828 quem,
809 2732 967 2804 deficiens
984 2749 1090 2827 estu,
1111 2751 1151 2806 ut

105 2881 220 2926 necem
240 2845 303 2925 sibi
322 2869 525 2946 maturaret,
543 2856 698 2926 oraverit.
