3114 5446
517 533 715 590 CALIGULA.
1075 537 1127 610 187

108 669 220 750 beros,
244 659 357 756 palam
380 659 474 727 beree
499 672 765 752 nuncuparetur,
788 655 947 728 derisores
967 663 1129 753 vocabat,

108 785 190 880 quod
228 796 304 877 post
338 778 619 876 nuncupationem
652 779 762 847 vivere
796 798 1063 874 perseverarent,
1096 799 1130 854 et

109 902 216 974 multis
231 915 411 972 venenatas
427 909 569 968 macteas
589 897 688 966 misit.
710 899 936 995 cognoscebat
954 915 1065 971 autem
1087 901 1129 972 de

111 1023 223 1092 talibus
248 1017 377 1104 causis,
403 1029 513 1087 taxato
538 1017 631 1111 prius
655 1015 755 1086 modo
780 1039 935 1105 summas,
961 1019 1004 1089 ad
1031 1045 1130 1113 quem

112 1138 348 1212 conficiendum
365 1135 551 1207 consideret
567 1159 576 1203 ε
592 1134 743 1205 consecto
760 1134 893 1206 demum
913 1139 1129 1208 excitabatur.

112 1267 153 1332 Ao
179 1285 224 1328 ne
250 1256 422 1354 paululum
450 1255 583 1349 quidem
616 1281 716 1326 moras
744 1259 892 1351 patiens,
921 1281 1022 1352 super
1048 1285 1131 1354 qua·

113 1381 259 1474 draginta
288 1401 362 1446 reos
394 1373 564 1469 quondam
597 1399 638 1443 ex
669 1373 806 1444 diversis
838 1377 1033 1447 criminibus
1066 1404 1134 1449 una

115 1499 271 1568 sententia
298 1493 552 1581 condemnavit,
578 1490 802 1587 gloriatusque
828 1507 877 1562 est
899 1495 1133 1592 expergefactae

116 1640 226 1685 somno
247 1612 434 1698 Caesonia,
460 1638 477 1676 ι
503 1624 661 1703 quantum
691 1612 832 1705 egisset,
859 1611 938 1680 dum
966 1637 1005 1682 ea
1033 1615 1133 1684 meri·

115 1733 221 1802 (lieret.
239 1761 258 1797 n

156 1853 318 1922 XXXIX.
337 1849 500 1920 Auctione
519 1847 705 1942 proposita,
725 1846 878 1942 reliquias
894 1849 1043 1919 omnium
1061 1875 1135 1946 spe·

118 1969 317 2042 ctaculorum
347 1967 484 2060 subjecit
513 1979 547 2033 et
574 1965 778 2053 venditavit,
806 1968 985 2060 exquirens
1010 1991 1070 2062 per
1102 1995 1137 2040 se

119 2091 243 2183 pretia,
267 2102 302 2157 et
329 2111 433 2180 usque
459 2109 499 2153 eo
526 2083 725 2173 extendeus,
751 2099 790 2153 ut
814 2086 948 2179 quidam
974 2088 1135 2157 immenso

119 2209 218 2280 coacti
236 2204 386 2300 quaedam
403 2227 531 2292 emere,
550 2227 589 2272 ac
609 2201 704 2272 bonis
721 2205 828 2290 exuti,
849 2228 949 2274 venas
971 2205 1033 2274 sibi
1054 2207 1136 2275 inci·

118 2327 239 2396 derent.
260 2327 350 2396 Nota
368 2345 419 2392 res
442 2335 513 2409 est,
533 2322 663 2416 Aponio
682 2322 862 2392 Saturnino
881 2325 969 2392 inter
986 2323 1137 2393 subsellia

119 2445 336 2531 dormitante,
349 2440 513 2511 monitum
532 2465 552 2509 a
568 2441 650 2510 Caio
667 2464 866 2535 praeconem,
883 2467 925 2510 ne
944 2443 1136 2534 praetorium

118 2564 242 2648 virum,
259 2561 376 2631 crebro
393 2560 509 2654 capitis
527 2573 620 2628 motu
641 2573 811 2628 nutantem
832 2559 911 2646 sibi,
928 2561 1110 2654 praeteriret
1128 2585 1137 2629 s

118 2707 173 2751 nec
195 2679 319 2750 licendi
341 2679 439 2748 finem
462 2678 604 2766 factum,
630 2677 740 2771 quoad
764 2677 917 2746 tredecim
940 2678 1137 2772 gladiatores

116 2801 265 2870 sestertio
298 2798 454 2892 nonagies
490 2798 655 2891 ignoranti
686 2795 928 2864 addicerentur.
960 2799 998 2863 lu
1029 2794 1138 2865 Gallia

116 2943 269 3011 quoque,
297 2941 401 3010 quum
426 2915 656 2984 damnatorum
682 2929 893 3002 ornamenta,
920 2927 952 2981 et
976 2911 1138 3008 supellec·

116 3033 223 3123 tilem,
246 3049 280 3104 et
305 3059 435 3123 servos,
451 3049 549 3127 atque
574 3035 672 3104 etiam
700 3033 850 3118 libertos,
871 3033 1037 3100 immensis
1062 3057 1138 3126 pre·

117 3155 167 3222 tiis
181 3153 408 3242 vendidisset3
430 3155 587 3222 invitatus
616 3152 731 3240 lucro,
758 3149 915 3245 quicquid
930 3152 1140 3220 instrumenti

117 3273 234 3340 veteris
266 3271 350 3341 aulae
389 3285 481 3356 erat,
515 3272 556 3340 ab
590 3272 683 3339 Urbe
715 3271 869 3363 repetiit;
899 3270 1141 3363 comprehensis

113 3387 154 3458 ad
175 3387 423 3484 deportandum
442 3391 618 3458 meritoriis
637 3413 768 3482 quoque
787 3387 960 3476 vehiculis,
978 3403 1009 3456 et
1029 3389 1140 3482 pistri-

114 3509 273 3576 nensibus
292 3509 451 3601 jumentis
471 3533 480 3576 z
503 3507 603 3596 adeo,
623 3521 660 3576 ut
682 3522 716 3576 et
734 3509 827 3601 panis
844 3510 958 3576 Romae
980 3530 1063 3599 sepe
1084 3505 1143 3573 de-

113 3621 243 3712 ficeret,
257 3640 291 3694 et
305 3623 508 3720 litigatorum
524 3624 686 3720 plerique,
698 3625 788 3719 quod
802 3649 976 3695 occurrere
990 3626 1140 3692 absentes

114 3742 156 3812 ad
179 3743 412 3816 vadimonium
432 3767 499 3814 non
520 3759 671 3838 possent,
691 3767 788 3812 causa
814 3743 976 3812 caderent.
1002 3743 1066 3811 Cui
1090 3743 1141 3810 in-

111 3875 302 3932 strumento
330 3861 542 3932 distrahendo
567 3862 649 3934 nibil
677 3887 743 3932 non
772 3861 895 3931 fraudis
921 3886 960 3930 ac
986 3859 1142 3929 lenocinii

108 3977 291 4050 adhibuit:
306 3981 408 4050 modo
424 3982 568 4050 avaritiae
586 3981 732 4076 singulos
750 3983 938 4074 increpans,
957 3994 1005 4068 et,
1021 3977 1144 4072 «quod

110 4123 179 4166 non
205 4100 345 4191 puderet
363 4123 437 4182 eos,
462 4099 689 4194 locupletiores
710 4125 797 4187 esse,
819 4122 918 4191 quam
940 4122 991 4183 se;
1008 4127 1024 4162 s
1042 4097 1141 4165 modo
