3098 5446
418 549 456 608 lo

416 669 572 763 serioque
597 667 640 737 ad
661 668 879 763 mangonicos
897 683 1045 761 quaestus
1067 665 1268 737 sustinendae
1285 666 1454 764 dignitatis
1545 673 1546 680 ’

417 813 516 858 causa
531 787 758 858 descenderit:
769 802 908 884 propter
924 787 1015 882 quod
1026 785 1130 884 vulgo
1144 786 1255 857 Mulio
1265 789 1457 858 vocabatur,

417 910 601 980 Convictus
607 933 743 1002 quoque
752 907 876 977 dicitur
889 906 1032 977 ducenta
1041 909 1191 977 sestertia
1201 909 1403 1004 expressisse
1409 911 1458 1004 ju-

417 1031 511 1118 veni,
526 1031 580 1100 cui
596 1027 698 1098 latum
716 1027 846 1098 clavum
857 1027 1015 1098 adversus
1022 1029 1129 1122 patris
1140 1026 1346 1098 voluntatem
1357 1031 1461 1125 impe-
1545 1005 1546 1020 i

417 1165 532 1239 trarat,
546 1173 654 1244 eoque
671 1149 807 1218 nomine
822 1150 969 1244 graviter
982 1151 1175 1244 increpitus.
1189 1152 1460 1245 Peregrinatione

416 1271 551 1340 achaica
569 1271 656 1340 inter
670 1270 807 1339 comites
827 1271 992 1359 Neronis,
1010 1295 1133 1364 quum,
1150 1284 1308 1339 cantante
1335 1295 1394 1358 eo,
1409 1287 1462 1340 aut

417 1389 601 1462 discederet
614 1391 753 1487 saepius,
773 1405 832 1460 aut
849 1415 992 1487 praesens
1007 1390 1288 1478 obdormisceret,
1310 1393 1461 1486 gravissi·

416 1539 505 1583 mam
523 1516 689 1584 contraxit
710 1513 870 1583 offensam
889 1514 1171 1608 :prohibitusque
1190 1539 1258 1582 non
1282 1513 1459 1583 contuber-

417 1637 475 1704 nio
503 1633 618 1721 modo,
648 1633 707 1703 sed
733 1635 833 1703 etiam
861 1632 995 1730 publica
1022 1633 1245 1721 salutatione,
1270 1636 1405 1704 secessit
1430 1636 1459 1702 in

416 1781 555 1852 parvam
583 1779 622 1824 ac
640 1755 772 1824 deviam
800 1756 984 1844 civitatem,
1004 1754 1117 1850 quoad
1145 1754 1262 1824 latenti
1294 1757 1458 1850 etiamque

416 1891 563 1946 extrema
590 1877 751 1946 metuenti
779 1876 951 1970 provincia
981 1899 1059 1944 cum
1085 1876 1230 1944 exercitu
1260 1873 1376 1944 oblata
1403 1890 1456 1943 est.

415 1997 670 2066 Percrebruerat
681 1997 820 2066 Oriente
834 2011 906 2065 toto
920 2010 1015 2065 vetus
1030 2009 1063 2066 et
1076 2010 1233 2065 constans
1242 1997 1378 2092 opinio,
1394 2019 1460 2065 esse

417 2120 452 2186 in
469 2116 562 2206 fatis,
590 2131 628 2185 ut
648 2141 688 2185 eo
710 2130 861 2210 tempore
883 2115 996 2184 Judaea
1014 2114 1156 2209 profecti
1175 2140 1288 2184 rerum
1309 2119 1459 2210 potiren-

417 2252 484 2306 tur.
500 2237 541 2305 ld
561 2235 603 2304 de
623 2238 823 2330 imperatore
847 2261 1007 2320 romano,
1022 2251 1184 2330 quantum
1205 2251 1320 2332 postea
1342 2253 1462 2306 eventu

417 2358 549 2452 paruit,
565 2356 781 2452 praedictum,
799 2356 904 2426 Judaei
918 2357 960 2426 ad
975 2382 1010 2426 se
1026 2357 1214 2444 trahentes,
1231 2357 1436 2428 rebellarunt
1452 2383 1460 2426 :
1545 2377 1546 2414 t

416 2501 569 2572 caesoque
595 2479 791 2572 preposito,
809 2476 954 2573 legatum
973 2479 1110 2572 insuper
1128 2480 1232 2573 Syrie
1251 2476 1461 2549 consularem
1545 2503 1546 2506 ¹

417 2599 587 2694 suppetias
600 2597 779 2688 ferentem,
799 2613 894 2693 rapta
914 2599 1047 2692 aquila,
1066 2598 1287 2694 fugaverunt·
1301 2599 1356 2669 Ad
1374 2599 1464 2668 bunc

418 2734 548 2789 motum
579 2718 872 2813 comprimendum
902 2745 1008 2813 quum
1039 2721 1185 2789 exercitu
1212 2718 1395 2814 ampliore,
1431 2695 1494 2788 et·

349 2849 354 2857 '
418 2865 487 2908 non
508 2841 681 2911 instrenuo
700 2839 803 2926 duce,
821 2841 875 2910 cni
898 2854 1009 2909 tamen
1028 2855 1103 2909 tuto
1122 2854 1215 2910 tanta
1236 2867 1290 2910 res
1308 2843 1467 2910 commit·

419 2973 558 3046 teretur,
572 2985 656 3054 opus
676 2975 781 3047 esset,
801 2961 870 3054 ipse
886 2961 1097 3055 potissimum
1117 2959 1281 3050 delectus,
1299 2977 1340 3030 ut
1358 2978 1391 3031 et
1417 2964 1467 3031 in·

419 3076 555 3147 dustriae
567 3085 725 3172 expertae,
741 3105 803 3147 nce
818 3078 1016 3150 metuendus
1029 3078 1100 3150 ullo
1115 3081 1215 3150 motlo
1232 3083 1276 3151 ch
1293 3082 1469 3152 humilita-

418 3213 487 3268 tem
504 3199 634 3292 generis
648 3224 687 3268 ac
699 3201 853 3270 nominis.
873 3199 1006 3272 additis
1019 3202 1123 3296 igitur
1140 3200 1182 3270 ad
1202 3203 1317 3296 copias
1334 3200 1473 3271 duabus

422 3318 628 3415 legionibus,
646 3335 723 3390 octo
740 3320 817 3409 alis,
835 3321 1029 3391 cohortibus
1043 3320 1175 3406 decem,
1191 3338 1293 3416 atque
1304 3324 1404 3391 inter
1423 3321 1473 3392 le-

419 3454 513 3536 gatos
536 3442 663 3536 majore
684 3440 752 3512 filio
776 3455 945 3534 assumto,
965 3458 1002 3512 ut
1023 3444 1168 3538 primum
1184 3445 1394 3538 provinciam
1419 3461 1473 3514 at-

419 3565 515 3658 tigit,
535 3563 702 3658 proximas
721 3589 856 3660 quoque
876 3567 1042 3634 convertit
1061 3565 1097 3634 in
1116 3589 1170 3650 se,
1185 3579 1339 3633 correcta
1353 3567 1475 3634 statim

419 3699 605 3754 castrorum
626 3683 820 3779 disciplina,
838 3711 973 3780 unoque
990 3701 1024 3754 et
1044 3684 1150 3754 altero
1164 3683 1282 3778 proelio
1301 3700 1373 3754 tam
1390 3712 1477 3756 con-

421 3818 547 3874 stanter
568 3805 672 3894 inito,
692 3820 729 3874 ut
750 3806 785 3874 in
803 3806 1055 3903 oppugnatione
1077 3802 1201 3875 castelli
1221 3804 1339 3902 lapidis
1360 3808 1478 3876 ictum

422 3949 530 4019 genu,
547 3940 709 4019 scutoque
729 3927 865 4021 sagittas
883 3925 1011 4022 aliquot
1025 3926 1201 4020 exceperit.

467 4048 510 4114 V.
532 4048 611 4114 Post
627 4045 799 4116 Neronem
814 4045 1042 4142 Galbamque,
1059 4047 1195 4118 Othone
1209 4061 1310 4142 atque
1325 4049 1486 4119 Vitellio

423 4163 464 4232 de
483 4165 674 4262 principatu
693 4166 918 4256 certantibus,
937 4169 970 4236 in
995 4193 1087 4262 spem
1105 4169 1235 4263 imperii
1259 4167 1379 4256 venit,
1412 4172 1489 4265 jam
