3098 5446
502 505 709 563 vrrstrrus.
1094 527 1129 580 η

99 631 191 702 salina
215 631 326 727 petiit,
351 645 392 700 ut
405 628 468 698 sibi
488 627 588 730 pedes
612 629 774 724 preberet
792 627 1021 702 excalciaudos
1042 659 1050 702 ε
1068 633 1127 704 de-¹

99 767 299 847 tractumque
313 749 484 822 socculum
501 749 673 838 dextrum,
695 751 783 822 inter
799 765 911 848 togam
932 753 1127 848 tunicasque

97 875 229 970 gestarit
251 871 401 959 assidue,
429 895 672 967 nonuunquam
696 871 954 942 osculabundus.
982 875 1128 946 Narcissi

96 1019 220 1089 quoque
237 1007 271 1064 ct
286 993 445 1066 Pallantis
471 995 632 1088 imagines
655 1018 772 1064 aureas
788 995 876 1064 inter
891 997 994 1065 Lares
1012 995 1127 1067 coluit.

96 1115 198 1208 Hujus
214 1129 249 1184 et
273 1113 330 1184 illa
350 1139 416 1185 vox
437 1128 507 1204 est,
524 1117 650 1210 «Saepe
675 1114 819 1204 faciam
839 1139 943 1210 quum
962 1116 1127 1188 seculares
1225 1093 1227 1098 ,

95 1235 182 1305 ludos
200 1233 313 1305 edenti
333 1233 476 1306 Claudio
495 1233 730 1329 gratularetur.

136 1358 196 1426 ΠΙ.
219 1356 371 1426 Decessit
385 1353 546 1450 paralysi,
562 1355 667 1426 altero
684 1355 738 1426 die
757 1381 857 1450 quam
872 1373 1044 1452 correptus
1063 1373 1128 1448 est,

94 1475 219 1546 duobus
231 1475 308 1546 liliis
321 1477 572 1570 superstitibus,
583 1501 668 1571 quos
682 1500 722 1546 ex
736 1475 886 1564 Sextilia,
898 1478 1129 1572 probatissima

94 1621 148 1668 nec
167 1594 308 1692 ignobili
334 1595 475 1682 femina,
503 1595 610 1667 editos
639 1596 791 1668 consules
812 1597 912 1687 ridit,
937 1599 1129 1693 etquidem

91 1718 203 1788 eodem
223 1719 339 1788 ambos
355 1732 494 1812 totoque
510 1743 615 1807 anno,
635 1743 739 1812 quum
760 1719 881 1813 majori
893 1720 1004 1790 minor
1020 1720 1054 1788 iu
1074 1697 1131 1788 sea

90 1865 213 1910 mensas
235 1839 453 1909 successisset.
480 1840 684 1910 Defunctum
705 1855 837 1910 senatus
859 1839 994 1935 publico
1014 1841 1130 1911 funere

91 1962 265 2031 bonoravit
283 1987 292 2029 :
311 1963 392 2030 item
415 1973 526 2030 statua
556 1985 619 2055 pro
645 1961 797 2051 Rostris,
820 1986 898 2032 cum
927 1962 990 2032 bae
1015 1965 1131 2033 inscri-
1165 1983 1169 1992 ·

90 2084 593 2176 ptiode,Prsra·r1s1uuoe11.rs
611 2105 709 2152 saca
724 2105 928 2154 errrorem.
949 2081 1054 2154 Aulus
1070 2086 1130 2152 Vi·

90 2201 196 2273 tellius
211 2206 250 2273 L.
265 2199 354 2272 filius
370 2204 552 2298 imperator
563 2217 659 2271 natus
673 2217 722 2271 est
734 2217 853 2272 octavo
866 2202 1022 2273 kalendas
1038 2218 1131 2273 octo

89 2325 174 2411 bris,
194 2321 267 2412 rel,
288 2338 327 2393 ut
344 2323 500 2416 quidam,
527 2322 668 2418 septimo
691 2322 766 2393 idus
789 2323 1000 2418 septembris,
1018 2326 1130 2393 Druso

88 2451 231 2532 (lassare,
251 2444 415 2516 Norbano
431 2443 566 2534 Flacco,
592 2443 796 2515 consulibus.
813 2445 1011 2514 Genituram
1035 2446 1129 2538 ejus,

86 2565 277 2661 praedictam
294 2590 316 2636 a
334 2565 591 2651 mathematicis,
606 2567 662 2634 ,ita
686 2579 840 2660 parentes
864 2564 1130 2654 exhorruerunt,

88 2703 125 2758 ut
149 2701 245 2783 pater
267 2710 390 2781 magno
415 2709 516 2781 opere
542 2710 672 2780 semper
693 2683 922 2770 contenderit,
952 2709 994 2752 ne
1011 2709 1077 2778 qua
1097 2685 1127 2753 ei

84 2809 258 2902 provincia
271 2809 349 2877 rivo
363 2833 398 2877 se
412 2809 695 2894 committeretur;
712 2820 818 2875 mater
833 2819 868 2874 et
879 2805 1016 2873 missum
1027 2804 1070 2873 ad
1082 2803 1127 2874 le·

84 2931 220 3024 giones,
247 2942 282 2998 et
300 2925 503 3023 appellatum
522 2929 775 3022 imperatorem,
789 2951 855 3022 pro
876 2924 999 2994 afflicto
1015 2926 1128 2994 statim

86 3049 269 3118 lamentata
286 3049 339 3118 sit.
360 3048 539 3117 Pueritiam
559 3049 766 3142 primamque
789 3044 1045 3117 adolescentiam
1063 3047 1128 3115 Ca·

84 3172 172 3266 prais
191 3143 260 3265 egit
276 3171 363 3240 inter
376 3170 552 3240 Tiberiana
567 3149 697 3258 scorta,
711 3183 745 3238 et
758 3170 830 3263 ipse
849 3182 1012 3263 perpetuo
1028 3167 1129 3262 Spin·-

86 3293 158 3362 triae
179 3292 381 3386 cognomine
399 3305 548 3378 notatus,
567 3290 836 3384 existimatusque
856 3288 1006 3382 corporis
1024 3287 1129 3382 gratia

84 3412 218 3482 initium
235 3426 269 3480 et
287 3436 387 3480 causa
409 3413 690 3481 incrementorum
710 3411 796 3504 patri
813 3409 923 3479 fuisse.

130 3535 197 3604 IV.
213 3533 373 3626 Sequenti
387 3557 521 3626 quoque
540 3546 634 3600 aetate
652 3531 807 3601 omnibns
821 3531 955 3624 probris
968 3533 1128 3599 contami-

88 3665 205 3741 natus,
223 3653 428 3748 precipuum
446 3655 480 3721 in
499 3649 574 3722 aula
595 3650 705 3722 locum
724 3653 851 3736 tenuit;
868 3651 952 3720 Caio
969 3673 1030 3744 per
1042 3652 1128 3718 auri·

79 3773 208 3868 gandi,
238 3772 379 3846 Claudio
407 3799 466 3869 per
494 3771 573 3842 aleae
598 3773 745 3842 studium
769 3771 956 3860 familiaris3
984 3771 1040 3841 sed
1065 3769 1126 3840 ali·

79 3910 211 3986 quanto
240 3896 366 3965 Neroni
396 3896 573 3990 acceptior,
606 3919 710 3988 quum
734 3896 871 3989 propter
897 3892 1010 3962 eadem
1035 3892 1127 3978 haee,

77 4029 156 4082 tum
186 4013 345 4110 peculiari
372 4017 509 4103 merito,
532 4015 622 4109 quod
650 4015 829 4110 praesidens
856 4013 1028 4083 certamini
1057 4013 1124 4082 Ne·

77 4157 204 4222 roneo,
231 4135 419 4229 cupientem
440 4117 535 4206 'inter
565 4135 762 4204 citharoedos
793 4135 1008 4221 contendere,
1042 4158 1126 4213 nec,
