3108 5434
440 483 491 548 151.
840 488 869 542 C.
887 488 1061 544 suuwnu

436 585 577 694 adesset3
591 610 726 700 deinde,
742 607 854 680 errore
867 609 1010 694 detecto,
1030 629 1063 682 et
1078 616 1201 702 occidi,
1222 641 1262 684 ne
1280 615 1443 710 divulgaret

437 729 601 822 injuriam.
631 732 837 802 Carnificinae
870 733 940 827 ejus
971 735 1158 804 ostenditur
1187 735 1279 805 locus
1305 738 1445 830 Capreis,

437 849 524 920 unde
539 848 729 939 damnatos,
748 865 824 946 post
843 850 941 948 longa
962 869 995 923 et
1007 855 1167 947 exquisita
1187 869 1362 942 tormenta,
1377 881 1446 949 pre

436 971 564 1064 cipitari
590 996 700 1040 coram
725 997 760 1040 se
783 974 817 1041 in
843 996 933 1043 mare
953 975 1109 1068 jubebat,
1127 968 1310 1069 excipiente
1328 975 1445 1044 classia-

435 1091 561 1160 riorum
580 1115 698 1180 manu,
716 1107 749 1161 et
768 1095 874 1174 contis
892 1109 991 1187 atque
1010 1095 1108 1164 remis
1127 1093 1268 1164 elidente
1283 1095 1447 1178 cadavera,

435 1210 546 1278 necui
571 1211 693 1280 residui
712 1213 847 1306 spiritus
866 1217 1042 1308 quicquam
1062 1217 1191 1284 inesset.
1213 1217 1447 1309 Excogitarerat

435 1342 544 1397 autem
564 1331 649 1399 inter
665 1355 782 1424 genera
804 1333 969 1404 cruciatus
991 1335 1110 1420 etiam,
1132 1349 1170 1402 ut
1190 1332 1280 1428 larga
1305 1335 1381 1401 meri
1398 1357 1447 1424 po·

434 1445 523 1518 tione
541 1473 599 1542 per
616 1447 776 1520 fallaciam
792 1467 963 1540 oneratos,
981 1467 1115 1547 repente
1137 1455 1272 1521 veretris
1292 1450 1448 1544 deligatis,

434 1564 641 1636 fidicularum
660 1569 758 1639 simul
771 1573 939 1664 urinaeque
950 1585 1113 1656 tormento
1130 1570 1339 1640 distenderet.
1358 1569 1450 1657 Quod

435 1687 496 1754 nisi
518 1711 595 1756 eum
618 1705 651 1758 et
670 1714 758 1759 mors
780 1692 1057 1785 praevenisset,et
1076 1687 1265 1783 Thrasyllus
1288 1687 1449 1772 consulto,

434 1821 471 1874 ut
487 1806 596 1894 aiunt,
615 1807 746 1878 differre
765 1809 914 1902 quaedam
933 1833 990 1902 spe
1012 1807 1168 1902 longioris
1189 1810 1264 1878 virae
1283 1805 1451 1899 compulis-

434 1940 499 2008 set;
523 1926 633 2020 plures
654 1927 821 2022 aliquanto
841 1943 1034 2014 necaturus,
1056 1953 1093 1996 ac
1113 1953 1154 1996 ne
1174 1925 1308 2021 reliquis
1326 1926 1451 2020 quidem

435 2045 608 2137 nepotibus
622 2071 778 2139 parsurus
794 2047 953 2134 creditum
968 2071 1071 2139 quum
1087 2061 1120 2114 et
1133 2047 1252 2114 Caium
1269 2059 1450 2140 suspectum

434 2163 582 2251 baberet,
594 2181 628 2234 et
639 2167 824 2254 Tiberium,
839 2180 875 2234 ut
892 2191 931 2234 ex
945 2165 1106 2234 adulterio
1120 2179 1336 2258 conceptum,
1349 2187 1453 2257 asper·
1487 2145 1491 2153 ¹

434 2297 577 2351 naretur.
596 2287 668 2355 Nec
687 2286 843 2354 abhorret
860 2311 879 2354 a
897 2309 974 2356 voro
992 2311 1000 2354 :
1016 2309 1157 2378 namque
1177 2285 1358 2354 identidem
1368 2315 1383 2349 a
1390 2283 1453 2352 seli-

433 2425 504 2468 cem
513 2404 680 2472 Priamum
696 2405 852 2493 vocabat,
867 2405 957 2497 quod
976 2420 1140 2498 superstes
1157 2406 1307 2474 omnium
1324 2429 1455 2474 suorum

433 2521 647 2592 exstitisset.»

480 2639 599 2711 LXIII.
626 2645 736 2733 Quam
766 2645 852 2712 inter
874 2645 943 2712 haec
963 2667 1030 2712 non
1049 2643 1148 2713 modo
1169 2645 1293 2712 invisus
1312 2669 1353 2712 ac
1371 2643 1457 2710 dcte·

432 2762 566 2851 stabilis,
578 2761 634 2831 sed
645 2763 859 2856 praetrepidus
870 2787 1017 2855 quoque,
1032 2777 1130 2855 atque
1143 2764 1241 2832 etiam
1253 2759 1460 2832 contumeliis

432 2885 593 2953 obnoxius
605 2883 739 2971 vixerit,
754 2883 858 2951 multa
873 2883 994 2952 indicia
1012 2897 1099 2950 sunt.
1118 2885 1318 2977 Haruspices
1339 2895 1459 2952 secreto

432 3025 470 3071 ac
488 3002 557 3069 sine
575 3001 712 3070 testibus
728 3001 853 3070 consuli
871 3003 985 3070 vetuit.
996 3003 1115 3071 Vicina
1137 3027 1214 3071 vero
1234 3004 1309 3070 urbi
1330 2999 1460 3070 oracula

432 3119 530 3188 etiam
542 3119 689 3212 disjicere
703 3135 840 3190 conatus
852 3135 900 3189 est
914 3147 922 3188 :
934 3119 990 3189 sed
1003 3121 1171 3214 majestate
1181 3123 1462 3190 Praenestinarum

432 3239 568 3306 sortium
584 3240 733 3324 territus,
751 3239 894 3324 destitit,
912 3263 1014 3332 quum
1037 3239 1224 3338 obsignatas
1242 3239 1465 3332 deuectasque

431 3361 570 3425 Romam
582 3382 648 3425 non
658 3360 829 3451 reperisset
846 3360 879 3425 in
891 3381 985 3445 arca,
1004 3359 1066 3426 nisi
1078 3357 1181 3428 relata
1195 3384 1313 3428 rursus
1327 3361 1372 3428 ad
1390 3374 1467 3428 tem·

432 3473 535 3567 plum.
556 3477 669 3544 Unum
690 3490 723 3544 et
744 3474 883 3544 alterum
906 3474 1110 3563 consulares,
1128 3475 1248 3545 oblatis
1267 3478 1467 3570 provinciis,

433 3619 499 3662 non
516 3619 613 3664 ausus
628 3607 699 3663 a‘se
713 3593 893 3681 dimittere,
912 3619 1015 3688 usque
1032 3619 1071 3662 eo
1089 3595 1245 3682 detinuit,
1262 3594 1379 3668 donec
1397 3623 1470 3666 suo-

431 3737 572 3781 cessores
590 3726 665 3806 post
679 3712 805 3806 aliquot
820 3737 922 3782 annos
938 3713 1150 3806 presentibus
1166 3713 1278 3786 daret:
1294 3743 1410 3810 quum
1426 3719 1472 3785 in-

407 3849 408 3854 ’
432 3831 544 3918 terim,
558 3845 710 3900 manente
723 3831 821 3899 officii
838 3831 948 3918 titulo,
962 3833 1061 3900 etiam
1072 3830 1238 3922 delegaret
1254 3832 1411 3927 plurima
1423 3861 1471 3904 as·

433 3946 541 4036 sidue,
561 3973 632 4041 quae
650 3949 696 4018 illi
718 3974 776 4042 per
796 3947 920 4042 legatos
940 3964 972 4018 et
988 3949 1153 4042 adjutores
1165 3977 1241 4022 suos
1254 3955 1474 4048 exsequenda

433 4083 595 4134 curarent.
