3108 5434
536 554 716 612 TIBERIUS.
1086 553 1139 627 ¹37

119 670 154 740 de
177 671 360 742 tribuendis
384 674 581 767 quibusdam
600 677 795 747 militaribus
816 677 911 746 donis
928 679 971 748 ad
989 703 1024 748 se
1043 681 1142 750 refer

119 805 205 858 rent:
224 792 318 883 quasi
330 817 400 862 nou
413 793 561 862 omnium
573 795 825 865 tribuendorum
838 798 899 892 ipsi
905 799 959 892 jus
969 798 1140 870 haberent.

118 913 287 978 Praetorem
305 909 525 1001 collaudavit,
543 911 649 1008 quod,
668 913 796 984 honore
814 917 912 1004 inito,
931 915 1143 989 consuetudia'

119 1051 185 1096 nem
198 1028 371 1122 antiquam
382 1029 561 1120 retulisset,
580 1032 622 1102 de
635 1033 815 1127 majoribus
827 1036 894 1105 suis
907 1061 969 1130 pro
983 1037 1143 1108 concione

118 1148 327 1218 memorandi.
347 1150 579 1238 Quorumdam
599 1152 774 1224 illustrium
792 1157 961 1249 exsequias
980 1181 1083 1250 tuque
1100 1157 1143 1226 ad

117 1289 227 1360 rogum
255 1265 487 1360 frequentavit
521 1271 640 1340 Parem
667 1271 928 1344 moderationem
960 1274 1144 1344 minoribus

116 1407 242 1478 quoque
259 1399 294 1452 ct
311 1388 460 1478 personis
477 1387 624 1458 strabus
635 1389 794 1460 exhibuit.
808 1393 923 1482 Quum
934 1391 1143 1464 Rhodiorum

115 1505 335 1598 magistratus,
352 1506 441 1599 quod
461 1504 572 1576 literas
591 1507 740 1605 publicas
757 1513 828 1580 sine
844 1511 1083 1607 subscriptione
1101 1510 1144 1582 ad

115 1647 144 1690 se
161 1622 342 1711 dederant,
361 1641 546 1713 evocasset,
566 1651 609 1696 ne
622 1628 725 1697 verbo
745 1628 878 1723 quidem
895 1632 1087 1719 insectatus,
1105 1655 1145 1700 ac

115 1743 342 1814 tantummodo
352 1745 460 1838 jussos
475 1746 696 1836 subscribere,
713 1749 848 1818 remisit.
860 1751 1027 1844 Diogenes
1041 1773 1146 1844 gram-

114 1863 268 1952 maticus,
296 1863 466 1958 disputare
490 1865 635 1936 sabbatis
658 1866 770 1935 Rhodi
798 1866 932 1956 solitus,
956 1869 1145 1938 venientem

115 2005 201 2068 eum,
227 1997 268 2052 ut
294 2007 329 2052 se
353 1997 446 2053 extra
467 1984 618 2054 ordinem
644 1985 791 2074 audiret,
809 2011 877 2056 non
895 1985 1088 2076 admiserat,
1106 2012 1145 2058 ac

113 2123 168 2192 per
188 2101 359 2172 servulum
380 2104 528 2174 suumin
548 2105 724 2198 septirmm
743 2103 831 2173 dem
849 2103 1030 2174 distulerat.
1047 2108 1145 2176 Hunc

113 2225 242 2312 Romae,
259 2223 425 2296 salutandi
440 2226 491 2294 sui
507 2249 606 2296 causa
624 2251 686 2320 pro
702 2225 827 2296 foribus
844 2226 1046 2316 adstantem,
1062 2226 1144 2296 nihil

113 2343 266 2438 amplius,
284 2369 384 2438 quam
400 2357 438 2412 ut
453 2358 528 2438 post
543 2346 860 2438 septimumannum
877 2345 1016 2434 rediret,
1032 2345 1146 2416 admo·

112 2464 189 2531 uuit
211 2463 429 2551 Praesidibus,
447 2463 633 2532 onerandas
655 2465 779 2534 tributo
798 2466 985 2559 provincias
1007 2464 1146 2534 suaden-

112 2581 216 2669 tibus,
240 2583 432 2675 rescripsit:
451 2582 562 2652 rBoni
585 2585 726 2676 pastoris
747 2607 837 2672 esse,
861 2581 999 2653 tondere
1022 2607 1145 2677 pecus,

112 2725 175 2770 non
194 2699 419 2795 deglubere.»

106 2817 108 2825 ’
153 2821 317 2890 XXXIII.
336 2817 501 2890 Paulatim
518 2821 703 2915 principem
724 2817 887 2908 exsemit,
904 2818 1144 2913 praestititque:

103 2939 167 3038 ¹etsi
185 2939 322 3008 varium
338 2938 416 3027 diu,
434 2938 692 3010 commodiorem
707 2954 817 3008 tamen
831 2939 965 3032 sapius,
980 2951 1013 3006 et
1029 2936 1072 3007 ad
1085 2939 1148 3006 uti·

110 3055 215 3126 litatcs
233 3055 384 3150 publicas
400 3057 601 3150 proniorem.
616 3058 786 3154 deprimo
800 3057 1146 3127 eatenusintervenie·

112 3175 183 3264 bat,
212 3201 259 3248 ne
286 3176 367 3270 quid
389 3201 565 3272 perperam
585 3177 689 3246 lieret
711 3182 829 3270 Itaque
847 3191 882 3245 et
897 3177 1146 3245 constitutiones

111 3296 271 3389 quasdam
288 3311 421 3366 senams
437 3296 588 3385 rescidit,
605 3311 638 3366 et
653 3296 897 3390 magistratibus
913 3316 975 3389 pro
989 3293 1145 3364 tribunali

111 3415 387 3510 cognoscentibus
400 3415 595 3510 plerumque
606 3440 641 3486 se
650 3415 813 3484 offerebat
823 3413 1062 3502 consiliarium,
1073 3414 1147 3482 assi·

111 3531 276 3628 debetque
291 3536 427 3628 juxtim,
444 3533 496 3603 vel
515 3559 555 3603 ex
570 3533 709 3604 adverso
727 3537 762 3603 iu
781 3548 876 3628 parte
892 3533 1029 3627 primori
1045 3557 1053 3599 ε
1071 3531 1146 3600 etsi

18 3673 19 3680 ’
111 3679 209 3746 quem
228 3679 364 3724 reorum
379 3653 465 3724 elabi
481 3656 605 3750 gratia,
622 3678 737 3722 rumor
752 3669 853 3740 esset,
870 3652 996 3722 subitus
1015 3649 1145 3739 aderat,

19 3883 21 3930 l

19 4077 20 4140 l

19 4149 21 4206 t

19 4499 21 4576 l

108 3773 304 3866 judicesque
314 3789 371 3842 aut
384 3796 403 3841 e
417 3771 536 3866 plano,
550 3787 608 3842 aut
623 3799 642 3842 e
655 3773 838 3865 quaesitoris
850 3769 1022 3857 tribunali,
1036 3768 1146 3864 legum

112 3905 144 3958 et
165 3886 354 3986 religionis,
378 3906 413 3960 ct
433 3914 542 3978 noxae,
569 3890 612 3960 de
634 3915 700 3984 qua
719 3902 974 3984 cognoscerent,
992 3887 1148 3956 admone·

111 4009 170 4078 bat
186 4035 194 4077 :
211 4025 311 4103 atque
327 4014 426 4080 etiam
438 4062 448 4098 ,
461 4011 488 4080 si
500 4035 566 4105 qua
583 4012 619 4080 in
634 4010 775 4104 publicis
792 4009 937 4077 moribus
953 4005 1076 4075 desidia
1089 4021 1147 4076 aut

112 4128 202 4196 mala
218 4130 456 4200 consuetudine
473 4129 640 4215 labarent,
661 4126 855 4222 corrigenda
871 4127 1021 4218 suscepit.
