3114 5446
509 531 705 587 sacreum.
1072 531 1123 608 195

138 659 211 724 LII.
228 655 362 724 Vestitu
382 653 600 748 calciatuque,
619 669 652 724 et
669 669 780 724 cetero
798 653 929 742 habitu,
945 677 1051 750 neque
1068 683 1127 752 pa·

100 775 176 863 trio,
197 798 308 868 neque
324 772 434 862 civili,
459 797 497 843 ac
512 799 554 844 ne
573 773 659 844 virili
676 775 829 867 quidem,
847 799 885 843 ac
904 775 1047 870 denique
1065 775 1127 845 hu·

100 919 216 994 mano,
243 918 374 989 semper
399 918 478 963 usus
504 908 563 966 est.
593 897 686 988 Saepe
711 894 856 990 depictas
880 910 1126 990 gemmatasque

102 1013 231 1083 indutus
251 1011 418 1109 penulm,
433 1012 639 1084 manuleatus
654 1027 687 1082 et
701 1012 885 1083 armillatus
902 1016 936 1082 in
954 1013 1125 1110 publicum

103 1134 279 1225 processit:
297 1129 477 1226 aliquando
494 1133 667 1219 sericatus,
684 1147 717 1202 et
734 1131 946 1228 cycladatus:
965 1159 1005 1203 ac
1025 1134 1125 1204 modo

101 1253 128 1320 io
141 1251 288 1345 crepidis
308 1250 361 1322 vel
381 1251 576 1340 cothurnis,
591 1250 692 1322 modo
709 1254 743 1322 in
762 1251 982 1348 speculatoria
998 1253 1124 1349 caliga,

103 1395 338 1465 nonnunquam
367 1395 465 1442 socco
490 1371 668 1460 muliebri,
695 1371 890 1467 plerumque
918 1399 996 1443 vero
1009 1375 1125 1443 'aurea

102 1489 217 1578 barba,
241 1488 370 1562 fulmen
392 1506 527 1579 tenens,
551 1507 608 1561 aut
630 1492 812 1580 fuscinam,
838 1508 897 1562 aut
920 1493 1123 1581 caduceum,

101 1607 231 1678 deorum
249 1610 407 1704 insignia,
426 1625 525 1704 atque
545 1611 642 1680 etiam
657 1613 795 1680 Veneris
813 1610 905 1680 cultu
926 1627 1123 1706 conspectus

101 1741 153 1798 est.
175 1727 430 1824 Triumphalem
450 1731 582 1824 quidem
602 1747 755 1800 ornatum
773 1731 873 1800 etiam
893 1745 970 1800 ante
989 1730 1123 1826 expedi·

99 1847 218 1916 tionem
239 1848 370 1918 assidue
389 1851 549 1944 gestavit3
573 1849 738 1920 interdum
760 1865 793 1918 et
809 1851 926 1946 Magni
945 1849 1122 1922 Alexandri

99 1964 283 2054 thoracem,
302 1968 475 2061 repetitum
497 1993 516 2037 e
533 1966 719 2038 conditorio
736 1970 816 2062 ejus.

138 2089 229 2156 LIII.
248 2091 299 2157 Ex
318 2085 501 2181 disciplinis
521 2086 713 2158 liberalibus
731 2088 904 2184 minimum
924 2087 1122 2176 eruditioni,

93 2203 283 2300 eloquentiae
313 2204 495 2301 plurimum
522 2205 685 2295 attendit,
713 2209 924 2300 quantumvis
957 2208 1120 2278 facundus

93 2339 122 2392 et
140 2340 314 2418 promtus,
337 2325 470 2419 utique,
495 2326 522 2394 si
548 2324 770 2419 perorandum
797 2327 831 2394 in
855 2325 999 2419 aliquem
1022 2341 1117 2396 esset.

92 2445 175 2512 Irato
196 2459 232 2514 et
251 2445 351 2514 verba
375 2458 409 2512 et
433 2447 603 2514 sententiae
621 2445 863 2539 suppetebant;
885 2447 1119 2538 pronunciatio

93 2586 218 2656 quoque
236 2577 271 2632 et
291 2588 375 2652 vox,
397 2577 436 2632 ut
458 2587 566 2657 neque
590 2563 705 2633 eodem
726 2563 790 2632 loci
809 2589 877 2658 prae
897 2564 1016 2632 ardore
1038 2588 1119 2632 con·

92 2681 231 2770 sisteret,
247 2696 281 2752 et
296 2681 509 2754 exaudiretur
524 2681 674 2776 aprocul
692 2682 1120 2770 stantibusPeroraturus,

90 2804 309 2874 «stricturum
330 2827 365 2872 se
385 2801 625 2884 lucubrationis
644 2829 711 2872 suae
730 2801 884 2888 telum,o
905 2803 1119 2890 minabatur3

93 2917 192 2990 lenius
216 2922 616 3016 comtiusquescribendi
639 2947 745 3018 genus
769 2922 852 2991 adeo
880 2936 1118 3008 contemnens,

89 3055 124 3108 ut
145 3044 327 3128 Senecam,
350 3055 421 3111 tum
446 3043 589 3112 maxime
612 3041 817 3136 placentem,
840 3041 1119 3125 «commissiones

89 3183 192 3230 nne-as
206 3190 224 3226 s
240 3185 463 3254 componere,
485 3176 520 3232 et
538 3191 555 3228 o
570 3185 704 3231 arenam
728 3185 798 3230 esse
817 3163 888 3228 sine
908 3159 1017 3247 calce,
1034 3189 1050 3224 o
1067 3159 1118 3227 di-

90 3295 188 3350 oeret.
222 3279 361 3351 Solebat
392 3283 491 3350 etiam
524 3281 691 3376 prosperis
725 3295 896 3348 oratorum
928 3279 1116 3379 actionibus
1170 3259 1172 3262 Ι

88 3399 284 3488 rescribere,
300 3414 333 3469 et
348 3424 545 3496 magnorum
563 3401 596 3468 in
612 3414 727 3470 senatu
745 3424 878 3468 reorum
892 3399 1119 3468 accusationes

88 3515 358 3614 defensionesque
382 3520 553 3608 meditari3
573 3545 629 3609 ac,
643 3534 751 3616 ,prout
775 3519 870 3589 stilus
889 3532 1048 3606 cesserat,
1067 3516 1118 3584 vel

85 3659 226 3708 onemre
244 3641 405 3709 sententia
423 3665 482 3708 sua
500 3664 679 3734 quemque,
693 3637 744 3709 vel
760 3638 954 3726 sublevare;
971 3638 1115 3730 equestri

85 3779 221 3851 quoque
236 3758 355 3828 ordine
371 3759 413 3828 ad
429 3758 631 3828 audiendum
652 3761 791 3846 invitato
808 3782 867 3852 per
886 3757 1004 3825 edicta.
1123 3783 1127 3838 ᾗ

131 3879 221 3948 Lrv.
241 3878 306 3948 Sed
322 3893 355 3948 et
375 3877 517 3948 aliorum
536 3895 694 3973 generum
716 3893 804 3948 artes
825 3877 1063 3946 studiosissime
1084 3891 1118 3944 et

81 3995 323 4068 diversissimas
345 4000 501 4068 exercuit.
523 4000 633 4069 Threx
655 4014 689 4068 et
714 4001 851 4093 auriga,
874 3996 960 4064 idem
986 4010 1117 4081 cantor,
1153 4003 1156 4009 '

83 4131 190 4210 atque
217 4115 362 4190 saltator.
387 4119 549 4189 Batuebat
573 4121 779 4213 pugnatoriis
802 4119 922 4200 armis,
943 4115 1117 4211 aurigabat

925 4236 976 4308 13.
