3114 5446
429 837 815 944 CLAUDIUS.
925 891 928 896 ·

549 1218 682 1240 *-

120 1509 142 1573 Ι.
166 1451 326 1576 paranni
346 1503 478 1574 Claudii
503 1507 640 1576 Caesaris
655 1509 821 1594 Drusum,
845 1505 924 1575 olim
944 1507 1138 1596 Decimum,

12 1673 14 1726 l
120 1649 187 1694 mox
212 1628 380 1696 Neronem
399 1629 616 1720 praeuomine,
632 1628 743 1715 Livia,
756 1651 869 1720 ¹quum
890 1631 1040 1722 Augusto
1060 1641 1137 1722 gra·

120 1744 185 1812 vida
206 1747 388 1839 nupsisset,
413 1747 499 1814 intra
521 1771 665 1815 mensem
680 1747 814 1814 tertium
837 1747 990 1841 peperit:
1010 1745 1137 1840 fuitque

12 1909 13 1950 t
121 1866 269 1958 suspicio,
300 1889 340 1932 ex
365 1865 484 1935 vitrico
509 1889 568 1958 per
592 1863 744 1933 adulterii
766 1865 1037 1936 consuetudinem
1059 1891 1139 1962 pro·

12 1977 13 2042 l
121 1998 266 2052 creatum.
288 1985 405 2052 Statim
422 1997 509 2052 certe
524 1982 676 2078 vulgatus
688 1999 737 2053 est
752 2008 867 2054 versus
884 2009 892 2053 ε

267 2175 323 2232 Τοῖς
335 2173 459 2240 εὐτυχοῦσι
469 2171 512 2224 ml
521 2172 625 2242 rpipusu
636 2167 737 2224 cardia.

12 2363 14 2420 5
123 2329 292 2395 lsDrusus
308 2326 343 2392 in
363 2337 535 2417 quaesturae
548 2339 762 2418 praeturaeque
776 2326 903 2395 honore
920 2326 988 2396 dux
999 2329 1141 2418 rhetici,

12 2479 13 2526 3
123 2444 234 2514 deinde
254 2444 436 2538 germanici
452 2441 546 2530 belli,
561 2447 732 2513 Oceanum
748 2445 1047 2539 septemtrionalem
1073 2451 1141 2542 pri-

123 2587 187 2632 mus
206 2585 423 2632 romanorum
437 2562 556 2630 ducum
579 2563 774 2656 navigavit:
797 2577 887 2631 trans
903 2564 1057 2633 Rhenum
1077 2567 1143 2634 fos-

122 2705 169 2750 sas
192 2683 271 2750 novi
302 2696 336 2750 et
363 2681 514 2750 immensi
534 2681 645 2775 operis
668 2681 790 2768 elleeit,
816 2705 889 2774 quae
913 2706 1003 2750 nuuc
1034 2683 1143 2752 adhue

121 2803 278 2870 Dncsr'noe
290 2814 478 2870 vocantur:
497 2799 624 2870 hostem
635 2801 733 2868 etiam
752 2801 939 2892 frequenter
949 2823 1088 2887 caesum,
1104 2826 1143 2870 ac
1154 2801 1164 2832 ³

13 3005 14 3028 Χ
122 2925 247 3014 penitus
265 2925 302 2990 in
317 2923 448 2990 intimas
464 2919 658 2991 solitudines
673 2935 799 3008 actum,
818 2945 885 2990 non
904 2922 996 3014 prius
1019 2921 1145 2992 destitit

13 3047 16 3138 ᾗ
122 3041 259 3135 insequi,
285 3065 386 3134 quam
417 3042 543 3134 species
566 3039 714 3109 barbarae
730 3038 892 3128 mulieris,
911 3041 1055 3110 humana
1073 3065 1142 3110 am-

14 3147 16 3184 *
122 3157 216 3251 plior,
231 3161 394 3229 victorem
406 3158 541 3228 tendere
552 3158 658 3240 ultra,
673 3183 822 3228 sermone
834 3157 939 3228 latino
957 3161 1145 3253 prohibuis·
1161 3167 1164 3174 ’

15 3327 16 3330 ,
122 3292 177 3346 set.
199 3281 293 3369 Quas
319 3278 363 3346 ob
384 3301 436 3346 res
453 3277 575 3348 orandi
591 3279 645 3370 jus
667 3291 700 3346 et
725 3277 936 3372 triumphalia
951 3295 1146 3348 ornamenta

15 3433 16 3484 i
121 3400 278 3493 percepit3
301 3423 341 3466 ac
368 3412 444 3491 post
469 3410 647 3492 praeturam
666 3396 837 3469 confestim
854 3398 936 3466 inito
953 3398 1145 3484 consulatu,
1195 3413 1200 3430 ·

15 3495 17 3506 ⁴
122 3530 215 3608 atquc
229 3517 437 3611 expeditione
450 3517 606 3611 repetita,
622 3539 812 3612 supremum
828 3515 915 3598 diem
932 3517 1048 3585 morbo
1063 3517 1145 3585 obiit

16 3637 17 3646 ’
121 3636 156 3702 ἱιι
178 3638 297 3706 aestivis
326 3638 457 3722 castris,
476 3660 549 3729 quae
566 3660 606 3704 ex
621 3659 660 3704 eo
678 3635 845 3706 Scelerum
867 3651 943 3704 sunt
966 3633 1141 3730 appellata.

17 3785 18 3790 ¹
121 3757 248 3849 Corpus
261 3755 333 3848 ejus
347 3779 407 3848 per
421 3755 677 3847 municipiorum
690 3753 959 3847 coloniarumque
973 3756 1144 3848 primores,
1239 3791 1243 3804 ¹

120 3874 372 3967 suscipientibus
391 3874 496 3942 obviis
510 3874 691 3942 scribarum
707 3874 866 3958 decuriis,
884 3873 926 3941 ad
938 3874 1065 3942 Urbem
1085 3873 1142 3941 de-

119 4007 265 4078 vectum,
291 3991 523 4087 sepultumque
556 3995 664 4062 estin
691 4018 807 4087 campo
835 3993 968 4062 Martio.
992 3996 1147 4063 Ceterum

120 4112 279 4180 exercitus
299 4112 515 4183 honorarium
529 4114 558 4180 ei
575 4109 739 4180 tumulum
762 4113 930 4199 excitavit,
947 4112 1033 4181 circa
1048 4138 1146 4208 quem
