<?xml version="1.0" encoding="UTF-8"?>
<!DOCTYPE html PUBLIC "-//W3C//DTD XHTML 1.0 Transitional//EN"
    "http://www.w3.org/TR/xhtml1/DTD/xhtml1-transitional.dtd">
<html xmlns="http://www.w3.org/1999/xhtml" xml:lang="en" lang="en">
 <head>
  <title>
</title>
<meta http-equiv="Content-Type" content="text/html;charset=utf-8" />
  <meta name='ocr-system' content='tesseract 3.04.00' />
  <meta name='ocr-capabilities' content='ocr_page ocr_carea ocr_par ocr_line ocrx_word'/>
</head>
<body>
  <div class='ocr_page' id='page_1' title='image "./caiisuetonitran00grosgoog_0490.png"; bbox 0 0 3164 5442; ppageno 0'>
   <div class='ocr_carea' id='block_1_1' title="bbox 226 505 1147 588">
    <p class='ocr_par' dir='ltr' id='par_1_1' title="bbox 226 505 1147 588">
     <span class='ocr_line' id='line_1_1' title="bbox 226 505 1147 588; baseline 0.004 -7"><span class='ocrx_word' id='word_1_1' title='bbox 226 529 236 538; x_wconf 90' lang='grc'><em>·</em></span> <span class='ocrx_word' id='word_1_2' title='bbox 334 505 337 510; x_wconf 66' lang='lat'>‘</span> <span class='ocrx_word' id='word_1_3' title='bbox 432 525 481 582; x_wconf 83' lang='lat' dir='ltr'><strong>rn-</strong></span> <span class='ocrx_word' id='word_1_4' title='bbox 495 527 579 584; x_wconf 86' lang='lat' dir='ltr'><strong>ocr.</strong></span> <span class='ocrx_word' id='word_1_5' title='bbox 601 527 820 584; x_wconf 70' lang='lat' dir='ltr'><strong>suenorum</strong></span> <span class='ocrx_word' id='word_1_6' title='bbox 1093 530 1147 588; x_wconf 76' lang='lat' dir='ltr'><strong>ns</strong></span> 
     </span>
    </p>
   </div>
   <div class='ocr_carea' id='block_1_2' title="bbox 108 639 1148 1206">
    <p class='ocr_par' dir='ltr' id='par_1_2' title="bbox 110 639 1146 790">
     <span class='ocr_line' id='line_1_2' title="bbox 111 639 1146 718; baseline 0.004 -20"><span class='ocrx_word' id='word_1_7' title='bbox 111 640 255 712; x_wconf 85' lang='lat' dir='ltr'><strong>dicatione,</strong></span> <span class='ocrx_word' id='word_1_8' title='bbox 276 639 372 718; x_wconf 79' lang='lat' dir='ltr'><strong>tigrim</strong></span> <span class='ocrx_word' id='word_1_9' title='bbox 384 641 493 716; x_wconf 88' lang='lat' dir='ltr'><strong>primus</strong></span> <span class='ocrx_word' id='word_1_10' title='bbox 508 643 636 699; x_wconf 87' lang='lat' dir='ltr'><strong>omnium</strong></span> <span class='ocrx_word' id='word_1_11' title='bbox 650 644 748 699; x_wconf 78' lang='lat' dir='ltr'><strong>Roma</strong></span> <span class='ocrx_word' id='word_1_12' title='bbox 765 641 892 698; x_wconf 80' lang='lat' dir='ltr'>ostendit</span> <span class='ocrx_word' id='word_1_13' title='bbox 911 643 940 699; x_wconf 90' lang='lat' dir='ltr'><strong>in</strong></span> <span class='ocrx_word' id='word_1_14' title='bbox 961 662 1048 702; x_wconf 82' lang='lat' dir='ltr'><strong>cavea</strong></span> <span class='ocrx_word' id='word_1_15' title='bbox 1062 663 1146 702; x_wconf 84' lang='lat' dir='ltr'><strong>man-</strong></span> 
     </span>
     <span class='ocr_line' id='line_1_3' title="bbox 110 732 289 790; baseline -0.034 0"><span class='ocrx_word' id='word_1_16' title='bbox 110 732 289 790; x_wconf 74' lang='lat' dir='ltr'><strong>rochetum.»</strong></span> 
     </span>
    </p>

    <p class='ocr_par' dir='ltr' id='par_1_3' title="bbox 108 839 1146 1100">
     <span class='ocr_line' id='line_1_4' title="bbox 146 839 1146 918; baseline 0.004 -21"><span class='ocrx_word' id='word_1_17' title='bbox 146 841 199 897; x_wconf 85' lang='lat' dir='ltr'><strong>Pro</strong></span> <span class='ocrx_word' id='word_1_18' title='bbox 212 839 330 894; x_wconf 79' lang='lat' dir='ltr'><strong>comitio.</strong></span> <span class='ocrx_word' id='word_1_19' title='bbox 340 839 494 911; x_wconf 80' lang='lat' dir='ltr'><strong>Varro‚de</strong></span> <span class='ocrx_word' id='word_1_20' title='bbox 507 843 592 916; x_wconf 74' lang='lat' dir='ltr'><strong>ling.</strong></span> <span class='ocrx_word' id='word_1_21' title='bbox 607 843 657 896; x_wconf 84' lang='lat' dir='ltr'><strong>lot.</strong></span> <span class='ocrx_word' id='word_1_22' title='bbox 670 861 701 895; x_wconf 69' lang='lat' dir='ltr'><strong>:a</strong></span> <span class='ocrx_word' id='word_1_23' title='bbox 715 841 877 909; x_wconf 77' lang='lat' dir='ltr'><em>Comitium,</em></span> <span class='ocrx_word' id='word_1_24' title='bbox 893 843 929 898; x_wconf 83' lang='lat' dir='ltr'><strong>ab</strong></span> <span class='ocrx_word' id='word_1_25' title='bbox 939 862 975 898; x_wconf 91' lang='lat' dir='ltr'><strong>eo</strong></span> <span class='ocrx_word' id='word_1_26' title='bbox 990 844 1072 918; x_wconf 87' lang='lat' dir='ltr'><strong>qnod</strong></span> <span class='ocrx_word' id='word_1_27' title='bbox 1082 846 1146 901; x_wconf 89' lang='lat' dir='ltr'><strong>coi-</strong></span> 
     </span>
     <span class='ocr_line' id='line_1_5' title="bbox 109 931 1146 1012; baseline 0.005 -22"><span class='ocrx_word' id='word_1_28' title='bbox 109 933 173 990; x_wconf 86' lang='lat' dir='ltr'><strong>bant</strong></span> <span class='ocrx_word' id='word_1_29' title='bbox 190 949 225 989; x_wconf 84' lang='lat' dir='ltr'><strong>eo</strong></span> <span class='ocrx_word' id='word_1_30' title='bbox 250 931 372 988; x_wconf 84' lang='lat' dir='ltr'><strong>comitiis</strong></span> <span class='ocrx_word' id='word_1_31' title='bbox 389 932 505 988; x_wconf 86' lang='lat' dir='ltr'><strong>curiatis</strong></span> <span class='ocrx_word' id='word_1_32' title='bbox 527 945 556 989; x_wconf 91' lang='lat' dir='ltr'><strong>et</strong></span> <span class='ocrx_word' id='word_1_33' title='bbox 577 933 674 1012; x_wconf 83' lang='lat' dir='ltr'><strong>litium</strong></span> <span class='ocrx_word' id='word_1_34' title='bbox 692 952 810 990; x_wconf 76' lang='lat' dir='ltr'><strong>causa.»</strong></span> <span class='ocrx_word' id='word_1_35' title='bbox 833 935 876 991; x_wconf 75' lang='lat' dir='ltr'><strong>Cf.</strong></span> <span class='ocrx_word' id='word_1_36' title='bbox 900 937 1027 992; x_wconf 78' lang='lat' dir='ltr'><strong>Nnaorr.</strong></span> <span class='ocrx_word' id='word_1_37' title='bbox 1038 978 1047 1008; x_wconf 90' lang='lat'>‚</span> <span class='ocrx_word' id='word_1_38' title='bbox 1067 939 1146 996; x_wconf 78' lang='lat' dir='ltr'><strong>Rom.</strong></span> 
     </span>
     <span class='ocr_line' id='line_1_6' title="bbox 108 1024 787 1100; baseline 0 -19"><span class='ocrx_word' id='word_1_39' title='bbox 108 1037 175 1094; x_wconf 82' lang='lat' dir='ltr'><strong>vet,</strong></span> <span class='ocrx_word' id='word_1_40' title='bbox 194 1043 228 1096; x_wconf 82' lang='lat' dir='ltr'><strong>v,</strong></span> <span class='ocrx_word' id='word_1_41' title='bbox 244 1027 275 1095; x_wconf 78' lang='lat'><strong>3,</strong></span> <span class='ocrx_word' id='word_1_42' title='bbox 288 1024 319 1079; x_wconf 91' lang='lat' dir='ltr'><strong>in</strong></span> <span class='ocrx_word' id='word_1_43' title='bbox 339 1025 420 1079; x_wconf 77' lang='lat' dir='ltr'><strong>&#39;Iken</strong></span> <span class='ocrx_word' id='word_1_44' title='bbox 437 1026 541 1094; x_wconf 63' lang='grc' dir='ltr'><strong>(ἔνων,</strong></span> <span class='ocrx_word' id='word_1_45' title='bbox 558 1037 578 1081; x_wconf 93' lang='lat' dir='ltr'><strong>t.</strong></span> <span class='ocrx_word' id='word_1_46' title='bbox 595 1045 641 1096; x_wconf 81' lang='lat' dir='ltr'><strong>rr,</strong></span> <span class='ocrx_word' id='word_1_47' title='bbox 655 1045 684 1099; x_wconf 90' lang='lat' dir='ltr'><strong>p.</strong></span> <span class='ocrx_word' id='word_1_48' title='bbox 704 1027 787 1100; x_wconf 78' lang='lat'><strong>1139.</strong></span> 
     </span>
    </p>

    <p class='ocr_par' dir='ltr' id='par_1_4' title="bbox 142 1131 1148 1206">
     <span class='ocr_line' id='line_1_7' title="bbox 142 1131 1148 1206; baseline 0.004 -21"><span class='ocrx_word' id='word_1_49' title='bbox 142 1131 281 1186; x_wconf 80' lang='lat' dir='ltr'><strong>Iaectr&#39;ca...</strong></span> <span class='ocrx_word' id='word_1_50' title='bbox 298 1131 455 1184; x_wconf 80' lang='lat' dir='ltr'><em>deduceret.</em></span> <span class='ocrx_word' id='word_1_51' title='bbox 474 1131 537 1186; x_wconf 90' lang='lat' dir='ltr'><strong>Hoc</strong></span> <span class='ocrx_word' id='word_1_52' title='bbox 552 1131 668 1206; x_wconf 89' lang='lat' dir='ltr'><strong>quidem</strong></span> <span class='ocrx_word' id='word_1_53' title='bbox 683 1131 845 1198; x_wconf 66' lang='lat' dir='ltr'><strong>insolitum</strong></span> <span class='ocrx_word' id='word_1_54' title='bbox 858 1149 924 1186; x_wconf 87' lang='lat' dir='ltr'><strong>narn</strong></span> <span class='ocrx_word' id='word_1_55' title='bbox 941 1150 1029 1188; x_wconf 88' lang='lat' dir='ltr'><strong>curru</strong></span> <span class='ocrx_word' id='word_1_56' title='bbox 1043 1133 1148 1190; x_wconf 87' lang='lat' dir='ltr'><strong>trinm·</strong></span> 
     </span>
    </p>
   </div>
   <div class='ocr_carea' id='block_1_3' title="bbox 105 1222 1145 1386">
    <p class='ocr_par' dir='ltr' id='par_1_5' title="bbox 105 1222 1145 1386">
     <span class='ocr_line' id='line_1_8' title="bbox 105 1222 1145 1298; baseline 0.004 -20"><span class='ocrx_word' id='word_1_57' title='bbox 105 1222 178 1298; x_wconf 83' lang='lat' dir='ltr'><strong>phaii</strong></span> <span class='ocrx_word' id='word_1_58' title='bbox 185 1222 316 1279; x_wconf 87' lang='lat' dir='ltr'><strong>solebant</strong></span> <span class='ocrx_word' id='word_1_59' title='bbox 331 1223 396 1280; x_wconf 83' lang='lat' dir='ltr'><strong>vehi</strong></span> <span class='ocrx_word' id='word_1_60' title='bbox 410 1233 503 1280; x_wconf 87' lang='lat' dir='ltr'><strong>tensas</strong></span> <span class='ocrx_word' id='word_1_61' title='bbox 518 1223 662 1281; x_wconf 86' lang='lat' dir='ltr'>ducentes.</span> <span class='ocrx_word' id='word_1_62' title='bbox 678 1223 752 1282; x_wconf 76' lang='lat' dir='ltr'><strong>tide</strong></span> <span class='ocrx_word' id='word_1_63' title='bbox 766 1227 897 1298; x_wconf 73' lang='lat' dir='ltr'><strong>Restm,</strong></span> <span class='ocrx_word' id='word_1_64' title='bbox 911 1227 948 1281; x_wconf 86' lang='lat' dir='ltr'><strong>de</strong></span> <span class='ocrx_word' id='word_1_65' title='bbox 964 1227 1005 1282; x_wconf 78' lang='lat' dir='ltr'><strong>ite</strong></span> <span class='ocrx_word' id='word_1_66' title='bbox 1015 1229 1145 1297; x_wconf 69' lang='lat' dir='ltr'><strong>vestior,</strong></span> 
     </span>
     <span class='ocr_line' id='line_1_9' title="bbox 107 1335 192 1386; baseline 0.012 -15"><span class='ocrx_word' id='word_1_67' title='bbox 107 1337 129 1386; x_wconf 87' lang='lat'><strong>1,</strong></span> <span class='ocrx_word' id='word_1_68' title='bbox 149 1335 192 1372; x_wconf 82' lang='lat' dir='ltr'><strong>ar.</strong></span> 
     </span>
    </p>
   </div>
   <div class='ocr_carea' id='block_1_4' title="bbox 103 1421 1147 1690">
    <p class='ocr_par' dir='ltr' id='par_1_6' title="bbox 103 1421 1147 1690">
     <span class='ocr_line' id='line_1_10' title="bbox 140 1421 1146 1504; baseline 0.008 -26"><span class='ocrx_word' id='word_1_69' title='bbox 140 1423 304 1478; x_wconf 71' lang='lat' dir='ltr'><strong>Dedrcabat.</strong></span> <span class='ocrx_word' id='word_1_70' title='bbox 323 1421 396 1494; x_wconf 89' lang='lat' dir='ltr'><strong>Dio,</strong></span> <span class='ocrx_word' id='word_1_71' title='bbox 415 1439 483 1495; x_wconf 77' lang='lat' dir='ltr'><strong>m,</strong></span> <span class='ocrx_word' id='word_1_72' title='bbox 500 1441 529 1497; x_wconf 89' lang='lat' dir='ltr'><strong>p.</strong></span> <span class='ocrx_word' id='word_1_73' title='bbox 546 1422 604 1498; x_wconf 77' lang='lat'><strong>539</strong></span> <span class='ocrx_word' id='word_1_74' title='bbox 625 1444 632 1479; x_wconf 71' lang='grc' dir='ltr'><strong><em>ε</em></strong></span> <span class='ocrx_word' id='word_1_75' title='bbox 654 1433 729 1486; x_wconf 73' lang='grc' dir='ltr'><strong>Μετὰ</strong></span> <span class='ocrx_word' id='word_1_76' title='bbox 751 1428 781 1485; x_wconf 70' lang='grc' dir='ltr'>δί</span> <span class='ocrx_word' id='word_1_77' title='bbox 800 1429 834 1490; x_wconf 75' lang='lat' dir='ltr'><strong>tt</strong></span> <span class='ocrx_word' id='word_1_78' title='bbox 855 1437 937 1484; x_wconf 74' lang='grc' dir='ltr'><strong>ταῦτα</strong></span> <span class='ocrx_word' id='word_1_79' title='bbox 955 1433 984 1484; x_wconf 74' lang='grc' dir='ltr'><strong>τό</strong></span> <span class='ocrx_word' id='word_1_80' title='bbox 997 1451 1025 1484; x_wconf 75' lang='grc' dir='ltr'><strong>τι</strong></span> <span class='ocrx_word' id='word_1_81' title='bbox 1047 1434 1146 1504; x_wconf 67' lang='grc' dir='ltr'><strong>θέατρον</strong></span> 
     </span>
     <span class='ocr_line' id='line_1_11' title="bbox 104 1521 1147 1596; baseline 0.005 -21"><span class='ocrx_word' id='word_1_82' title='bbox 104 1527 129 1577; x_wconf 74' lang='grc' dir='ltr'><strong>τὸ</strong></span> <span class='ocrx_word' id='word_1_83' title='bbox 149 1531 190 1577; x_wconf 73' lang='grc' dir='ltr'><strong>τοῦ</strong></span> <span class='ocrx_word' id='word_1_84' title='bbox 204 1525 349 1596; x_wconf 61' lang='lat' dir='ltr'><strong>Mantinon</strong></span> <span class='ocrx_word' id='word_1_85' title='bbox 363 1525 510 1594; x_wconf 75' lang='grc' dir='ltr'><strong>καλώμινον</strong></span> <span class='ocrx_word' id='word_1_86' title='bbox 531 1527 676 1596; x_wconf 69' lang='grc' dir='ltr'><strong>καθιέρωσε,</strong></span> <span class='ocrx_word' id='word_1_87' title='bbox 694 1526 739 1578; x_wconf 74' lang='grc' dir='ltr'><strong>κᾶν</strong></span> <span class='ocrx_word' id='word_1_88' title='bbox 759 1533 791 1596; x_wconf 76' lang='grc' dir='ltr'><strong>τῇ</strong></span> <span class='ocrx_word' id='word_1_89' title='bbox 813 1527 947 1595; x_wconf 70' lang='grc' dir='ltr'><strong>πανηγύριι</strong></span> <span class='ocrx_word' id='word_1_90' title='bbox 963 1532 994 1596; x_wconf 77' lang='grc' dir='ltr'><strong>τῇ</strong></span> <span class='ocrx_word' id='word_1_91' title='bbox 1012 1521 1057 1578; x_wconf 69' lang='lat' dir='ltr'><strong>to</strong></span> <span class='ocrx_word' id='word_1_92' title='bbox 1075 1533 1147 1580; x_wconf 76' lang='grc' dir='ltr'><strong>τοῦτο</strong></span> 
     </span>
     <span class='ocr_line' id='line_1_12' title="bbox 103 1614 1147 1690; baseline 0.004 -22"><span class='ocrx_word' id='word_1_93' title='bbox 103 1619 229 1687; x_wconf 69' lang='grc' dir='ltr'><strong>γινομένῃ,</strong></span> <span class='ocrx_word' id='word_1_94' title='bbox 242 1618 287 1674; x_wconf 68' lang='grc' dir='ltr'><strong>τήν</strong></span> <span class='ocrx_word' id='word_1_95' title='bbox 302 1637 330 1669; x_wconf 83' lang='grc' dir='ltr'><strong>τι</strong></span> <span class='ocrx_word' id='word_1_96' title='bbox 344 1617 432 1687; x_wconf 77' lang='grc' dir='ltr'><strong>Τροίαν</strong></span> <span class='ocrx_word' id='word_1_97' title='bbox 451 1617 471 1670; x_wconf 83' lang='lat' dir='ltr'><strong>oi</strong></span> <span class='ocrx_word' id='word_1_98' title='bbox 481 1614 572 1679; x_wconf 67' lang='lat' dir='ltr'><strong>ratic&lt;</strong></span> <span class='ocrx_word' id='word_1_99' title='bbox 586 1619 607 1671; x_wconf 83' lang='lat' dir='ltr'><strong>oi</strong></span> <span class='ocrx_word' id='word_1_100' title='bbox 622 1614 785 1689; x_wconf 66' lang='grc' dir='ltr'><strong>εὐπατρίδαι,</strong></span> <span class='ocrx_word' id='word_1_101' title='bbox 803 1619 826 1671; x_wconf 84' lang='grc' dir='ltr'><strong>οἶ</strong></span> <span class='ocrx_word' id='word_1_102' title='bbox 843 1638 871 1670; x_wconf 85' lang='grc' dir='ltr'><strong>τι</strong></span> <span class='ocrx_word' id='word_1_103' title='bbox 886 1620 968 1682; x_wconf 71' lang='grc' dir='ltr'><strong>ἄλλοι,</strong></span> <span class='ocrx_word' id='word_1_104' title='bbox 986 1616 1029 1670; x_wconf 79' lang='grc' dir='ltr'><strong>καὶ</strong></span> <span class='ocrx_word' id='word_1_105' title='bbox 1048 1619 1059 1670; x_wconf 81' lang='grc' dir='ltr'><strong>ὅ</strong></span> <span class='ocrx_word' id='word_1_106' title='bbox 1078 1622 1147 1690; x_wconf 64' lang='grc' dir='ltr'><strong>ἡγο-</strong></span> 
     </span>
    </p>
   </div>
   <div class='ocr_carea' id='block_1_5' title="bbox 102 1710 1147 2068">
    <p class='ocr_par' dir='ltr' id='par_1_7' title="bbox 106 1710 880 1770">
     <span class='ocr_line' id='line_1_13' title="bbox 106 1710 880 1770; baseline -0.001 -9"><span class='ocrx_word' id='word_1_107' title='bbox 106 1727 141 1770; x_wconf 78' lang='lat' dir='ltr'><strong>roc</strong></span> <span class='ocrx_word' id='word_1_108' title='bbox 157 1712 230 1764; x_wconf 76' lang='lat' dir='ltr'><strong>circi</strong></span> <span class='ocrx_word' id='word_1_109' title='bbox 245 1711 257 1764; x_wconf 71' lang='lat' dir='ltr'><strong>b</strong></span> <span class='ocrx_word' id='word_1_110' title='bbox 274 1711 345 1770; x_wconf 73' lang='grc' dir='ltr'>Γάϊος</span> <span class='ocrx_word' id='word_1_111' title='bbox 355 1710 488 1762; x_wconf 71' lang='lat' dir='ltr'><strong>inmunes·</strong></span> <span class='ocrx_word' id='word_1_112' title='bbox 877 1759 880 1768; x_wconf 81' lang='grc'><strong>,</strong></span> 
     </span>
    </p>

    <p class='ocr_par' dir='ltr' id='par_1_8' title="bbox 102 1805 1147 1973">
     <span class='ocr_line' id='line_1_14' title="bbox 139 1805 1147 1876; baseline 0.001 -13"><span class='ocrx_word' id='word_1_113' title='bbox 139 1808 203 1863; x_wconf 71' lang='lat' dir='ltr'><strong>Car.</strong></span> <span class='ocrx_word' id='word_1_114' title='bbox 219 1807 325 1864; x_wconf 85' lang='lat' dir='ltr'><strong>XLIV.</strong></span> <span class='ocrx_word' id='word_1_115' title='bbox 342 1806 530 1862; x_wconf 78' lang='lat' dir='ltr'><strong>Senaronbus.</strong></span> <span class='ocrx_word' id='word_1_116' title='bbox 545 1807 576 1862; x_wconf 82' lang='lat' dir='ltr'><strong>si</strong></span> <span class='ocrx_word' id='word_1_117' title='bbox 597 1805 686 1862; x_wconf 86' lang='lat' dir='ltr'><strong>modo</strong></span> <span class='ocrx_word' id='word_1_118' title='bbox 709 1805 866 1864; x_wconf 81' lang='lat' dir='ltr'><strong>adfuissent</strong></span> <span class='ocrx_word' id='word_1_119' title='bbox 887 1819 965 1864; x_wconf 84' lang='lat' dir='ltr'><strong>veste</strong></span> <span class='ocrx_word' id='word_1_120' title='bbox 984 1809 1147 1876; x_wconf 75' lang='lat' dir='ltr'><strong>senatoria,-</strong></span> 
     </span>
     <span class='ocr_line' id='line_1_15' title="bbox 102 1897 753 1973; baseline 0.002 -18"><span class='ocrx_word' id='word_1_121' title='bbox 102 1897 142 1955; x_wconf 82' lang='lat' dir='ltr'><strong>rin</strong></span> <span class='ocrx_word' id='word_1_122' title='bbox 155 1900 265 1972; x_wconf 88' lang='lat' dir='ltr'><strong>minus,</strong></span> <span class='ocrx_word' id='word_1_123' title='bbox 278 1900 330 1956; x_wconf 90' lang='lat' dir='ltr'><strong>ubi</strong></span> <span class='ocrx_word' id='word_1_124' title='bbox 344 1899 479 1970; x_wconf 84' lang='lat' dir='ltr'>libuerat,</span> <span class='ocrx_word' id='word_1_125' title='bbox 493 1899 593 1955; x_wconf 88' lang='lat' dir='ltr'><strong>sedere</strong></span> <span class='ocrx_word' id='word_1_126' title='bbox 606 1909 753 1973; x_wconf 87' lang='lat' dir='ltr'><strong>poterant.</strong></span> 
     </span>
    </p>

    <p class='ocr_par' dir='ltr' id='par_1_9' title="bbox 136 1991 1146 2068">
     <span class='ocr_line' id='line_1_16' title="bbox 136 1991 1146 2068; baseline 0 -20"><span class='ocrx_word' id='word_1_127' title='bbox 136 1994 186 2050; x_wconf 69' lang='lat' dir='ltr'><strong>Ex</strong></span> <span class='ocrx_word' id='word_1_128' title='bbox 204 1995 351 2068; x_wconf 75' lang='lat' dir='ltr'><em>superiore</em></span> <span class='ocrx_word' id='word_1_129' title='bbox 373 1995 443 2049; x_wconf 82' lang='lat' dir='ltr'><strong>loco.</strong></span> <span class='ocrx_word' id='word_1_130' title='bbox 463 1991 531 2050; x_wconf 84' lang='lat' dir='ltr'><strong>scil.</strong></span> <span class='ocrx_word' id='word_1_131' title='bbox 548 2009 688 2049; x_wconf 84' lang='lat' dir='ltr'><strong>esumma</strong></span> <span class='ocrx_word' id='word_1_132' title='bbox 704 2009 799 2048; x_wconf 86' lang='lat' dir='ltr'><strong>cavea.</strong></span> <span class='ocrx_word' id='word_1_133' title='bbox 818 1991 972 2067; x_wconf 72' lang='lat' dir='ltr'><strong>Calpurn,</strong></span> <span class='ocrx_word' id='word_1_134' title='bbox 994 2011 1056 2062; x_wconf 85' lang='lat' dir='ltr'><strong>vn,</strong></span> <span class='ocrx_word' id='word_1_135' title='bbox 1079 1991 1116 2047; x_wconf 74' lang='lat'><strong>26</strong></span> <span class='ocrx_word' id='word_1_136' title='bbox 1138 2011 1146 2048; x_wconf 81' lang='lat' dir='ltr'><strong>t</strong></span> 
     </span>
    </p>
   </div>
   <div class='ocr_carea' id='block_1_6' title="bbox 200 2181 771 2334">
    <p class='ocr_par' dir='ltr' id='par_1_10' title="bbox 200 2181 771 2334">
     <span class='ocr_line' id='line_1_17' title="bbox 201 2181 771 2249; baseline -0.002 -17"><span class='ocrx_word' id='word_1_137' title='bbox 201 2183 319 2234; x_wconf 80' lang='lat' dir='ltr'><strong>Venimus</strong></span> <span class='ocrx_word' id='word_1_138' title='bbox 329 2181 361 2233; x_wconf 85' lang='lat' dir='ltr'><strong>ad</strong></span> <span class='ocrx_word' id='word_1_139' title='bbox 372 2182 453 2243; x_wconf 84' lang='lat' dir='ltr'><strong>sedes,</strong></span> <span class='ocrx_word' id='word_1_140' title='bbox 468 2181 511 2232; x_wconf 90' lang='lat' dir='ltr'><strong>ubi</strong></span> <span class='ocrx_word' id='word_1_141' title='bbox 522 2182 588 2249; x_wconf 87' lang='lat' dir='ltr'><strong>pulla</strong></span> <span class='ocrx_word' id='word_1_142' title='bbox 601 2181 697 2232; x_wconf 84' lang='lat' dir='ltr'><strong>sordida</strong></span> <span class='ocrx_word' id='word_1_143' title='bbox 707 2191 771 2233; x_wconf 80' lang='lat' dir='ltr'><strong>veste</strong></span> 
     </span>
     <span class='ocr_line' id='line_1_18' title="bbox 200 2265 755 2334; baseline -0.005 -15"><span class='ocrx_word' id='word_1_144' title='bbox 200 2271 270 2320; x_wconf 81' lang='lat' dir='ltr'><strong>Inter</strong></span> <span class='ocrx_word' id='word_1_145' title='bbox 282 2266 396 2320; x_wconf 77' lang='lat' dir='ltr'><strong>femineas</strong></span> <span class='ocrx_word' id='word_1_146' title='bbox 405 2267 529 2334; x_wconf 70' lang='lat' dir='ltr'>spectabat</span> <span class='ocrx_word' id='word_1_147' title='bbox 537 2266 609 2318; x_wconf 79' lang='lat' dir='ltr'><strong>turba</strong></span> <span class='ocrx_word' id='word_1_148' title='bbox 621 2265 755 2318; x_wconf 70' lang='lat' dir='ltr'><strong>cathedra.</strong></span> 
     </span>
    </p>
   </div>
   <div class='ocr_carea' id='block_1_7' title="bbox 95 2448 1148 2899">
    <p class='ocr_par' dir='ltr' id='par_1_11' title="bbox 98 2448 1148 2694">
     <span class='ocr_line' id='line_1_19' title="bbox 138 2448 1148 2523; baseline 0.001 -16"><span class='ocrx_word' id='word_1_149' title='bbox 138 2451 286 2508; x_wconf 71' lang='lat' dir='ltr'><strong>Tubunal.</strong></span> <span class='ocrx_word' id='word_1_150' title='bbox 310 2451 345 2506; x_wconf 87' lang='grc' dir='ltr'><strong>Η.</strong></span> <span class='ocrx_word' id='word_1_151' title='bbox 366 2469 390 2507; x_wconf 87' lang='lat' dir='ltr'><strong>e.</strong></span> <span class='ocrx_word' id='word_1_152' title='bbox 406 2465 442 2506; x_wconf 84' lang='lat' dir='ltr'><strong>ex</strong></span> <span class='ocrx_word' id='word_1_153' title='bbox 455 2448 575 2506; x_wconf 81' lang='lat' dir='ltr'><strong>adverso</strong></span> <span class='ocrx_word' id='word_1_154' title='bbox 595 2449 668 2505; x_wconf 82' lang='lat' dir='ltr'><strong>sellae</strong></span> <span class='ocrx_word' id='word_1_155' title='bbox 682 2449 788 2505; x_wconf 82' lang='lat' dir='ltr'><strong>curulis</strong></span> <span class='ocrx_word' id='word_1_156' title='bbox 806 2468 870 2523; x_wconf 79' lang='lat' dir='ltr'><strong>qnae</strong></span> <span class='ocrx_word' id='word_1_157' title='bbox 884 2449 1002 2523; x_wconf 79' lang='lat' dir='ltr'><strong>praetori</strong></span> <span class='ocrx_word' id='word_1_158' title='bbox 1021 2449 1052 2505; x_wconf 87' lang='lat' dir='ltr'><strong>in</strong></span> <span class='ocrx_word' id='word_1_159' title='bbox 1071 2451 1148 2509; x_wconf 83' lang='lat' dir='ltr'><strong>ludis</strong></span> 
     </span>
     <span class='ocr_line' id='line_1_20' title="bbox 98 2540 1147 2620; baseline 0.002 -22"><span class='ocrx_word' id='word_1_160' title='bbox 98 2542 268 2620; x_wconf 80' lang='lat' dir='ltr'><strong>ponebatur.</strong></span> <span class='ocrx_word' id='word_1_161' title='bbox 290 2542 334 2599; x_wconf 83' lang='lat' dir='ltr'><strong>Ci.</strong></span> <span class='ocrx_word' id='word_1_162' title='bbox 357 2543 449 2614; x_wconf 72' lang='lat' dir='ltr'><strong>Lus,</strong></span> <span class='ocrx_word' id='word_1_163' title='bbox 467 2542 504 2598; x_wconf 86' lang='lat' dir='ltr'><strong>de</strong></span> <span class='ocrx_word' id='word_1_164' title='bbox 522 2540 672 2617; x_wconf 66' lang='lat' dir='ltr'><strong>Amphio,</strong></span> <span class='ocrx_word' id='word_1_165' title='bbox 693 2559 776 2612; x_wconf 87' lang='lat' dir='ltr'><strong>c.11,</strong></span> <span class='ocrx_word' id='word_1_166' title='bbox 794 2540 847 2597; x_wconf 87' lang='lat' dir='ltr'><strong>uhi</strong></span> <span class='ocrx_word' id='word_1_167' title='bbox 862 2541 970 2616; x_wconf 85' lang='lat' dir='ltr'><strong>probat</strong></span> <span class='ocrx_word' id='word_1_168' title='bbox 987 2541 1044 2598; x_wconf 93' lang='lat' dir='ltr'><strong>hoc</strong></span> <span class='ocrx_word' id='word_1_169' title='bbox 1062 2541 1147 2600; x_wconf 72' lang='lat' dir='ltr'><strong>finisse</strong></span> 
     </span>
     <span class='ocr_line' id='line_1_21' title="bbox 99 2637 278 2694; baseline -0.017 -1"><span class='ocrx_word' id='word_1_170' title='bbox 99 2637 133 2693; x_wconf 77' lang='lat' dir='ltr'><strong>ad</strong></span> <span class='ocrx_word' id='word_1_171' title='bbox 145 2638 278 2694; x_wconf 84' lang='lat' dir='ltr'><strong>Podium.</strong></span> 
     </span>
    </p>

    <p class='ocr_par' dir='ltr' id='par_1_12' title="bbox 95 2725 1146 2899">
     <span class='ocr_line' id='line_1_22' title="bbox 134 2725 1146 2806; baseline 0.002 -19"><span class='ocrx_word' id='word_1_172' title='bbox 134 2729 359 2798; x_wconf 80' lang='lat' dir='ltr'><strong>Porrn&#39;ficalibus.</strong></span> <span class='ocrx_word' id='word_1_173' title='bbox 376 2732 482 2801; x_wconf 77' lang='lat' dir='ltr'><strong>Quos,</strong></span> <span class='ocrx_word' id='word_1_174' title='bbox 509 2727 632 2786; x_wconf 77' lang='lat' dir='ltr'>docente</span> <span class='ocrx_word' id='word_1_175' title='bbox 663 2728 843 2801; x_wconf 77' lang='lat' dir='ltr'><strong>casaubon,</strong></span> <span class='ocrx_word' id='word_1_176' title='bbox 873 2725 964 2784; x_wconf 83' lang='lat' dir='ltr'>edidit</span> <span class='ocrx_word' id='word_1_177' title='bbox 998 2732 1146 2806; x_wconf 71' lang='lat' dir='ltr'><strong>hugmtus</strong></span> 
     </span>
     <span class='ocr_line' id='line_1_23' title="bbox 95 2820 561 2899; baseline -0.002 -20"><span class='ocrx_word' id='word_1_178' title='bbox 95 2823 259 2899; x_wconf 82' lang='lat' dir='ltr'><strong>pontificatu</strong></span> <span class='ocrx_word' id='word_1_179' title='bbox 276 2820 402 2878; x_wconf 82' lang='lat' dir='ltr'><strong>maximo</strong></span> <span class='ocrx_word' id='word_1_180' title='bbox 417 2831 561 2895; x_wconf 85' lang='lat' dir='ltr'><strong>suscepto.</strong></span> 
     </span>
    </p>
   </div>
   <div class='ocr_carea' id='block_1_8' title="bbox 96 2925 1145 3094">
    <p class='ocr_par' dir='ltr' id='par_1_13' title="bbox 96 2925 1145 3094">
     <span class='ocr_line' id='line_1_24' title="bbox 134 2925 1145 3004; baseline 0.001 -20"><span class='ocrx_word' id='word_1_181' title='bbox 134 2929 200 2984; x_wconf 81' lang='lat' dir='ltr'><strong>Non</strong></span> <span class='ocrx_word' id='word_1_182' title='bbox 218 2930 347 3002; x_wconf 76' lang='lat' dir='ltr'><strong>placere.</strong></span> <span class='ocrx_word' id='word_1_183' title='bbox 367 2928 408 2984; x_wconf 90' lang='lat' dir='ltr'><strong>Ut</strong></span> <span class='ocrx_word' id='word_1_184' title='bbox 436 2926 607 2982; x_wconf 81' lang='lat' dir='ltr'><strong>athletarum</strong></span> <span class='ocrx_word' id='word_1_185' title='bbox 625 2925 814 3002; x_wconf 81' lang='lat' dir='ltr'><strong>pugilumquc</strong></span> <span class='ocrx_word' id='word_1_186' title='bbox 843 2927 1039 3001; x_wconf 76' lang='lat' dir='ltr'><strong>spectaculum</strong></span> <span class='ocrx_word' id='word_1_187' title='bbox 1063 2929 1145 3004; x_wconf 82' lang='lat' dir='ltr'><strong>prius</strong></span> 
     </span>
     <span class='ocr_line' id='line_1_25' title="bbox 96 3018 845 3094; baseline -0.003 -18"><span class='ocrx_word' id='word_1_188' title='bbox 96 3018 237 3094; x_wconf 86' lang='lat' dir='ltr'><strong>finiretur,</strong></span> <span class='ocrx_word' id='word_1_189' title='bbox 259 3038 347 3094; x_wconf 88' lang='lat' dir='ltr'><strong>quam</strong></span> <span class='ocrx_word' id='word_1_190' title='bbox 359 3019 491 3076; x_wconf 88' lang='lat' dir='ltr'><strong>mulieres</strong></span> <span class='ocrx_word' id='word_1_191' title='bbox 503 3020 534 3074; x_wconf 93' lang='lat' dir='ltr'><strong>in</strong></span> <span class='ocrx_word' id='word_1_192' title='bbox 549 3020 690 3075; x_wconf 87' lang='lat' dir='ltr'><strong>theatrum</strong></span> <span class='ocrx_word' id='word_1_193' title='bbox 705 3018 845 3074; x_wconf 79' lang='lat' dir='ltr'><strong>venirent.</strong></span> 
     </span>
    </p>
   </div>
   <div class='ocr_carea' id='block_1_9' title="bbox 95 3123 1147 3387">
    <p class='ocr_par' dir='ltr' id='par_1_14' title="bbox 95 3123 1147 3387">
     <span class='ocr_line' id='line_1_26' title="bbox 134 3123 1147 3200; baseline 0.001 -17"><span class='ocrx_word' id='word_1_194' title='bbox 134 3127 201 3183; x_wconf 76' lang='lat' dir='ltr'><strong>Car.</strong></span> <span class='ocrx_word' id='word_1_195' title='bbox 220 3127 313 3184; x_wconf 83' lang='lat' dir='ltr'><strong>XLV.</strong></span> <span class='ocrx_word' id='word_1_196' title='bbox 329 3125 357 3179; x_wconf 83' lang='lat' dir='ltr'><em>E</em></span> <span class='ocrx_word' id='word_1_197' title='bbox 371 3125 525 3199; x_wconf 73' lang='lat' dir='ltr'><strong>pulvinari.</strong></span> <span class='ocrx_word' id='word_1_198' title='bbox 539 3124 615 3181; x_wconf 84' lang='lat' dir='ltr'><strong>Talis</strong></span> <span class='ocrx_word' id='word_1_199' title='bbox 633 3125 723 3181; x_wconf 86' lang='lat' dir='ltr'><strong>lectus</strong></span> <span class='ocrx_word' id='word_1_200' title='bbox 740 3127 872 3200; x_wconf 75' lang='lat' dir='ltr'><strong>Augusto</strong></span> <span class='ocrx_word' id='word_1_201' title='bbox 894 3123 980 3179; x_wconf 88' lang='lat' dir='ltr'><strong>etiam</strong></span> <span class='ocrx_word' id='word_1_202' title='bbox 998 3127 1147 3200; x_wconf 86' lang='lat' dir='ltr'><strong>sequenti-</strong></span> 
     </span>
     <span class='ocr_line' id='line_1_27' title="bbox 95 3217 1147 3295; baseline 0.004 -21"><span class='ocrx_word' id='word_1_203' title='bbox 95 3217 206 3293; x_wconf 84' lang='lat' dir='ltr'><strong>busque</strong></span> <span class='ocrx_word' id='word_1_204' title='bbox 225 3217 449 3292; x_wconf 85' lang='lat' dir='ltr'><strong>imperatoribus</strong></span> <span class='ocrx_word' id='word_1_205' title='bbox 462 3237 517 3292; x_wconf 89' lang='lat' dir='ltr'><strong>pro</strong></span> <span class='ocrx_word' id='word_1_206' title='bbox 536 3217 602 3274; x_wconf 88' lang='lat' dir='ltr'><strong>sede</strong></span> <span class='ocrx_word' id='word_1_207' title='bbox 617 3217 688 3290; x_wconf 82' lang='lat' dir='ltr'><strong>suit;</strong></span> <span class='ocrx_word' id='word_1_208' title='bbox 701 3236 738 3275; x_wconf 87' lang='lat' dir='ltr'><strong>nc</strong></span> <span class='ocrx_word' id='word_1_209' title='bbox 758 3217 823 3293; x_wconf 86' lang='lat' dir='ltr'><strong>quis</strong></span> <span class='ocrx_word' id='word_1_210' title='bbox 839 3235 906 3273; x_wconf 88' lang='lat' dir='ltr'><strong>cum</strong></span> <span class='ocrx_word' id='word_1_211' title='bbox 924 3217 986 3273; x_wconf 80' lang='lat' dir='ltr'><strong>aliis</strong></span> <span class='ocrx_word' id='word_1_212' title='bbox 1000 3217 1036 3274; x_wconf 87' lang='lat' dir='ltr'><strong>de</strong></span> <span class='ocrx_word' id='word_1_213' title='bbox 1048 3220 1147 3295; x_wconf 84' lang='lat' dir='ltr'><strong>pulvi-</strong></span> 
     </span>
     <span class='ocr_line' id='line_1_28' title="bbox 95 3310 647 3387; baseline 0.002 -22"><span class='ocrx_word' id='word_1_214' title='bbox 95 3311 155 3368; x_wconf 81' lang='lat' dir='ltr'><strong>nari</strong></span> <span class='ocrx_word' id='word_1_215' title='bbox 169 3312 296 3368; x_wconf 86' lang='lat' dir='ltr'><strong>deorum</strong></span> <span class='ocrx_word' id='word_1_216' title='bbox 309 3310 339 3364; x_wconf 91' lang='lat' dir='ltr'><strong>in</strong></span> <span class='ocrx_word' id='word_1_217' title='bbox 348 3311 430 3384; x_wconf 86' lang='lat' dir='ltr'><strong>spina</strong></span> <span class='ocrx_word' id='word_1_218' title='bbox 450 3311 519 3366; x_wconf 87' lang='lat' dir='ltr'><strong>circi</strong></span> <span class='ocrx_word' id='word_1_219' title='bbox 532 3310 647 3387; x_wconf 78' lang='lat' dir='ltr'><strong>cogitet.</strong></span> 
     </span>
    </p>
   </div>
   <div class='ocr_carea' id='block_1_10' title="bbox 95 3415 1147 3954">
    <p class='ocr_par' dir='ltr' id='par_1_15' title="bbox 95 3415 1147 3584">
     <span class='ocr_line' id='line_1_29' title="bbox 134 3415 1147 3492; baseline 0.004 -18"><span class='ocrx_word' id='word_1_220' title='bbox 134 3419 301 3492; x_wconf 78' lang='lat' dir='ltr'><strong>Spectandi.</strong></span> <span class='ocrx_word' id='word_1_221' title='bbox 316 3416 423 3486; x_wconf 81' lang='lat' dir='ltr'><strong>Tacit,</strong></span> <span class='ocrx_word' id='word_1_222' title='bbox 438 3420 562 3485; x_wconf 67' lang='lat' dir='ltr'><strong>Arnai,</strong></span> <span class='ocrx_word' id='word_1_223' title='bbox 578 3437 606 3487; x_wconf 89' lang='lat'><strong>1,</strong></span> <span class='ocrx_word' id='word_1_224' title='bbox 622 3415 658 3484; x_wconf 73' lang='lat'><strong>54</strong></span> <span class='ocrx_word' id='word_1_225' title='bbox 674 3437 680 3472; x_wconf 92' lang='lat'><strong>:</strong></span> <span class='ocrx_word' id='word_1_226' title='bbox 699 3417 822 3491; x_wconf 70' lang='lat' dir='ltr'><strong>«Neque</strong></span> <span class='ocrx_word' id='word_1_227' title='bbox 836 3417 897 3490; x_wconf 87' lang='lat' dir='ltr'><strong>ipse</strong></span> <span class='ocrx_word' id='word_1_228' title='bbox 912 3417 1086 3476; x_wconf 82' lang='lat' dir='ltr'><strong>abhorrebat</strong></span> <span class='ocrx_word' id='word_1_229' title='bbox 1099 3429 1147 3478; x_wconf 88' lang='lat' dir='ltr'><strong>ta·</strong></span> 
     </span>
     <span class='ocr_line' id='line_1_30' title="bbox 95 3510 1048 3584; baseline -0.007 -16"><span class='ocrx_word' id='word_1_230' title='bbox 95 3510 167 3569; x_wconf 87' lang='lat' dir='ltr'><strong>libus</strong></span> <span class='ocrx_word' id='word_1_231' title='bbox 181 3511 304 3580; x_wconf 87' lang='lat' dir='ltr'><strong>studiis,</strong></span> <span class='ocrx_word' id='word_1_232' title='bbox 317 3521 346 3566; x_wconf 87' lang='lat' dir='ltr'><strong>et</strong></span> <span class='ocrx_word' id='word_1_233' title='bbox 363 3510 446 3566; x_wconf 83' lang='lat' dir='ltr'><strong>civile</strong></span> <span class='ocrx_word' id='word_1_234' title='bbox 464 3511 582 3568; x_wconf 89' lang='lat' dir='ltr'><strong>rebatur</strong></span> <span class='ocrx_word' id='word_1_235' title='bbox 595 3511 706 3567; x_wconf 88' lang='lat' dir='ltr'><strong>misceri</strong></span> <span class='ocrx_word' id='word_1_236' title='bbox 720 3510 919 3584; x_wconf 76' lang='lat' dir='ltr'><strong>voluptatibus</strong></span> <span class='ocrx_word' id='word_1_237' title='bbox 933 3510 1021 3584; x_wconf 78' lang='lat' dir='ltr'><strong>vulgi.</strong></span> <span class='ocrx_word' id='word_1_238' title='bbox 1035 3535 1048 3561; x_wconf 74' lang='lat' dir='ltr'><strong>s</strong></span> 
     </span>
    </p>

    <p class='ocr_par' dir='ltr' id='par_1_16' title="bbox 95 3602 1146 3850">
     <span class='ocr_line' id='line_1_31' title="bbox 135 3602 1146 3681; baseline -0.001 -19"><span class='ocrx_word' id='word_1_239' title='bbox 135 3605 311 3663; x_wconf 77' lang='lat' dir='ltr'><strong>Comtlarr&#39;a.</strong></span> <span class='ocrx_word' id='word_1_240' title='bbox 327 3606 436 3676; x_wconf 82' lang='lat' dir='ltr'><strong>Varro,</strong></span> <span class='ocrx_word' id='word_1_241' title='bbox 453 3605 491 3660; x_wconf 86' lang='lat' dir='ltr'><strong>de</strong></span> <span class='ocrx_word' id='word_1_242' title='bbox 508 3606 590 3681; x_wconf 77' lang='lat' dir='ltr'><strong>Ling.</strong></span> <span class='ocrx_word' id='word_1_243' title='bbox 610 3609 661 3661; x_wconf 82' lang='lat' dir='ltr'><strong>lot.</strong></span> <span class='ocrx_word' id='word_1_244' title='bbox 681 3625 691 3659; x_wconf 92' lang='lat'><strong>.·</strong></span> <span class='ocrx_word' id='word_1_245' title='bbox 710 3602 953 3661; x_wconf 75' lang='lat' dir='ltr'><strong>«Corollarium...</strong></span> <span class='ocrx_word' id='word_1_246' title='bbox 974 3605 1146 3662; x_wconf 83' lang='lat' dir='ltr'><strong>vocabulum</strong></span> 
     </span>
     <span class='ocr_line' id='line_1_32' title="bbox 95 3696 1146 3774; baseline 0.001 -20"><span class='ocrx_word' id='word_1_247' title='bbox 95 3698 191 3756; x_wconf 76' lang='lat' dir='ltr'><strong>ictum</strong></span> <span class='ocrx_word' id='word_1_248' title='bbox 206 3718 225 3756; x_wconf 86' lang='lat' dir='ltr'><strong>a</strong></span> <span class='ocrx_word' id='word_1_249' title='bbox 245 3697 374 3769; x_wconf 84' lang='lat' dir='ltr'><strong>corollis,</strong></span> <span class='ocrx_word' id='word_1_250' title='bbox 389 3696 471 3774; x_wconf 89' lang='lat' dir='ltr'><strong>quod</strong></span> <span class='ocrx_word' id='word_1_251' title='bbox 490 3697 547 3770; x_wconf 81' lang='lat' dir='ltr'><strong>hac,</strong></span> <span class='ocrx_word' id='word_1_252' title='bbox 566 3717 657 3774; x_wconf 89' lang='lat' dir='ltr'><strong>quum</strong></span> <span class='ocrx_word' id='word_1_253' title='bbox 675 3697 844 3773; x_wconf 86' lang='lat' dir='ltr'><strong>placuerant</strong></span> <span class='ocrx_word' id='word_1_254' title='bbox 863 3707 988 3767; x_wconf 86' lang='lat' dir='ltr'><strong>actores,</strong></span> <span class='ocrx_word' id='word_1_255' title='bbox 1009 3697 1040 3753; x_wconf 88' lang='lat' dir='ltr'><strong>in</strong></span> <span class='ocrx_word' id='word_1_256' title='bbox 1062 3715 1146 3755; x_wconf 82' lang='lat' dir='ltr'><strong>scena</strong></span> 
     </span>
     <span class='ocr_line' id='line_1_33' title="bbox 95 3792 306 3850; baseline -0.047 1"><span class='ocrx_word' id='word_1_257' title='bbox 95 3793 156 3850; x_wconf 80' lang='lat' dir='ltr'><strong>dari</strong></span> <span class='ocrx_word' id='word_1_258' title='bbox 170 3792 275 3849; x_wconf 80' lang='lat' dir='ltr'><strong>soiitae.</strong></span> <span class='ocrx_word' id='word_1_259' title='bbox 290 3813 306 3841; x_wconf 70' lang='lat' dir='ltr'><strong>a</strong></span> 
     </span>
    </p>

    <p class='ocr_par' dir='ltr' id='par_1_17' title="bbox 131 3879 880 3954">
     <span class='ocr_line' id='line_1_34' title="bbox 131 3879 880 3954; baseline -0.005 -12"><span class='ocrx_word' id='word_1_260' title='bbox 131 3886 256 3942; x_wconf 67' lang='lat' dir='ltr'><strong>Alienis.</strong></span> <span class='ocrx_word' id='word_1_261' title='bbox 271 3885 308 3940; x_wconf 90' lang='grc' dir='ltr'><strong>Η.</strong></span> <span class='ocrx_word' id='word_1_262' title='bbox 322 3900 348 3940; x_wconf 87' lang='lat' dir='ltr'><strong>e.</strong></span> <span class='ocrx_word' id='word_1_263' title='bbox 362 3882 499 3954; x_wconf 85' lang='lat' dir='ltr'><strong>aliorum,</strong></span> <span class='ocrx_word' id='word_1_264' title='bbox 512 3900 573 3939; x_wconf 87' lang='lat' dir='ltr'><strong>non</strong></span> <span class='ocrx_word' id='word_1_265' title='bbox 585 3900 639 3940; x_wconf 89' lang='lat' dir='ltr'><strong>suo</strong></span> <span class='ocrx_word' id='word_1_266' title='bbox 656 3881 773 3938; x_wconf 88' lang='lat' dir='ltr'><strong>nomine</strong></span> <span class='ocrx_word' id='word_1_267' title='bbox 787 3879 880 3938; x_wconf 84' lang='lat' dir='ltr'><strong>editis.</strong></span> 
     </span>
    </p>
   </div>
   <div class='ocr_carea' id='block_1_11' title="bbox 89 3985 1148 4254">
    <p class='ocr_par' dir='ltr' id='par_1_18' title="bbox 89 3985 1148 4254">
     <span class='ocr_line' id='line_1_35' title="bbox 132 3985 1148 4065; baseline -0.007 -14"><span class='ocrx_word' id='word_1_268' title='bbox 132 3992 323 4050; x_wconf 77' lang='lat' dir='ltr'><strong>Catervarios.</strong></span> <span class='ocrx_word' id='word_1_269' title='bbox 338 3992 457 4048; x_wconf 86' lang='lat' dir='ltr'><strong>Temere</strong></span> <span class='ocrx_word' id='word_1_270' title='bbox 471 4009 504 4048; x_wconf 92' lang='lat' dir='ltr'><strong>ac</strong></span> <span class='ocrx_word' id='word_1_271' title='bbox 518 3990 577 4046; x_wconf 89' lang='lat' dir='ltr'><strong>sine</strong></span> <span class='ocrx_word' id='word_1_272' title='bbox 590 3999 650 4047; x_wconf 88' lang='lat' dir='ltr'><strong>arte</strong></span> <span class='ocrx_word' id='word_1_273' title='bbox 664 4008 717 4065; x_wconf 83' lang='lat' dir='ltr'><strong>per</strong></span> <span class='ocrx_word' id='word_1_274' title='bbox 731 4001 873 4058; x_wconf 85' lang='lat' dir='ltr'><strong>catervas,</strong></span> <span class='ocrx_word' id='word_1_275' title='bbox 886 4005 947 4043; x_wconf 89' lang='lat' dir='ltr'><strong>noo</strong></span> <span class='ocrx_word' id='word_1_276' title='bbox 964 3985 1070 4062; x_wconf 77' lang='lat' dir='ltr'><strong>singuli</strong></span> <span class='ocrx_word' id='word_1_277' title='bbox 1085 3985 1148 4044; x_wconf 81' lang='lat' dir='ltr'><strong>sin-</strong></span> 
     </span>
     <span class='ocr_line' id='line_1_36' title="bbox 89 4080 848 4170; baseline -0.011 -26"><span class='ocrx_word' id='word_1_278' title='bbox 89 4083 179 4170; x_wconf 67' lang='lat' dir='ltr'><strong>golis,</strong></span> <span class='ocrx_word' id='word_1_279' title='bbox 198 4085 390 4164; x_wconf 78' lang='lat' dir='ltr'><strong>pugnabant,</strong></span> <span class='ocrx_word' id='word_1_280' title='bbox 408 4095 472 4142; x_wconf 88' lang='lat' dir='ltr'><strong>test.</strong></span> <span class='ocrx_word' id='word_1_281' title='bbox 486 4083 580 4160; x_wconf 87' lang='lat' dir='ltr'><strong>Lips.‚</strong></span> <span class='ocrx_word' id='word_1_282' title='bbox 597 4084 723 4152; x_wconf 63' lang='lat' dir='ltr'><strong>Sarum„</strong></span> <span class='ocrx_word' id='word_1_283' title='bbox 743 4101 782 4154; x_wconf 83' lang='grc' dir='ltr'><strong>ιι,</strong></span> <span class='ocrx_word' id='word_1_284' title='bbox 804 4080 848 4138; x_wconf 89' lang='lat'><strong>16.</strong></span> 
     </span>
     <span class='ocr_line' id='line_1_37' title="bbox 133 4171 1148 4254; baseline -0.008 -19"><span class='ocrx_word' id='word_1_285' title='bbox 133 4179 205 4237; x_wconf 82' lang='lat' dir='ltr'><strong>Sine</strong></span> <span class='ocrx_word' id='word_1_286' title='bbox 219 4181 364 4237; x_wconf 74' lang='lat' dir='ltr'><strong>missione.</strong></span> <span class='ocrx_word' id='word_1_287' title='bbox 374 4179 411 4236; x_wconf 86' lang='grc' dir='ltr'><strong>Η.</strong></span> <span class='ocrx_word' id='word_1_288' title='bbox 425 4197 450 4236; x_wconf 84' lang='lat' dir='ltr'><strong>c.</strong></span> <span class='ocrx_word' id='word_1_289' title='bbox 469 4177 509 4235; x_wconf 86' lang='lat' dir='ltr'><strong>ita</strong></span> <span class='ocrx_word' id='word_1_290' title='bbox 520 4189 555 4235; x_wconf 92' lang='lat' dir='ltr'><strong>ut</strong></span> <span class='ocrx_word' id='word_1_291' title='bbox 566 4185 730 4254; x_wconf 82' lang='lat' dir='ltr'><strong>pugnarent</strong></span> <span class='ocrx_word' id='word_1_292' title='bbox 743 4193 835 4250; x_wconf 77' lang='lat' dir='ltr'><strong>mque</strong></span> <span class='ocrx_word' id='word_1_293' title='bbox 853 4173 891 4230; x_wconf 85' lang='lat' dir='ltr'><strong>ad</strong></span> <span class='ocrx_word' id='word_1_294' title='bbox 909 4182 1050 4242; x_wconf 67' lang='lat' dir='ltr'><strong>mortem</strong></span> <span class='ocrx_word' id='word_1_295' title='bbox 1064 4172 1104 4229; x_wconf 86' lang='lat' dir='ltr'><strong>sic</strong></span> <span class='ocrx_word' id='word_1_296' title='bbox 1117 4171 1148 4227; x_wconf 83' lang='lat' dir='ltr'><strong>in</strong></span> 
     </span>
    </p>
   </div>
   <div class='ocr_carea' id='block_1_12' title="bbox 0 0 1586 5442">
    <p class='ocr_par' dir='ltr' id='par_1_19' title="bbox 0 0 1586 5442">
     <span class='ocr_line' id='line_1_38' title="bbox 0 0 1586 5442; baseline 0 0"><span class='ocrx_word' id='word_1_297' title='bbox 0 0 1586 5442; x_wconf 95' lang='lat' dir='ltr'><strong> </strong></span> 
     </span>
    </p>
   </div>
  </div>
 </body>
</html>
