3164 5442
303 513 306 520 '
402 533 442 588 ru
463 533 651 591 rmamuu
672 534 871 592 uuaouuu.
1105 541 1162 598 aaa

157 649 342 706 Mercedibus.
364 647 475 726 Nempe
495 650 613 707 scenicis
633 650 847 710 donationibus.
868 651 920 707 Cf.
948 653 1067 722 Tucim,
1096 661 1161 713 Aa·

119 746 174 798 nal.
213 761 225 798 1
297 786 304 798 .

155 762 320 889 mucidis.
336 836 408 906 Quae
422 845 502 892 mant
515 833 674 912 legitimum
693 845 852 893 stremrnm
870 845 990 913 tmpus
1005 836 1080 898 Vide
1098 859 1161 915 sup.

119 932 209 1002 Aug„
225 946 301 984 uvir.

158 1029 224 1088 Cae.
239 1031 365 1090 XXXV.
382 1034 519 1090 Gratiam.
535 1033 571 1092 Η.
587 1052 611 1090 c.
624 1033 815 1107 jurejurando
827 1034 988 1091 conteueri
998 1035 1162 1095 declaraiit.

118 1124 259 1198 Principes
273 1124 348 1181 enim
360 1125 407 1198 jus
421 1126 493 1183 illud
511 1126 644 1182 habuisse
662 1126 749 1182 docet
768 1127 865 1200 Cujac.
884 1127 922 1184 ad
937 1125 1044 1187 Novell.
1059 1126 1105 1186 51.

154 1217 271 1291 Legum.
286 1217 353 1274 Scil.
368 1219 510 1274 luliarum
527 1220 565 1274 de
582 1218 745 1275 Adultetirs.

156 1309 274 1365 Poenas.
288 1309 543 1384 Deportationem,
563 1310 622 1368 sive
640 1310 780 1367 exsilium.
794 1309 868 1368 Vide
881 1330 945 1386 sup.
962 1313 1055 1388 Aug„
1070 1332 1099 1370 ι.

154 1401 290 1470 Pmfilen'.
307 1403 412 1474 Tacit,
428 1407 553 1471 Arnai,
568 1421 613 1474 ιι,
628 1402 665 1460 85
681 1423 687 1459 :
710 1402 844 1460 «Eodem
858 1421 935 1460 auno
953 1401 1001 1482 (Δ.
1018 1406 1054 1462 U.
1074 1405 1162 1484 772),

115 1495 248 1568 gravibus
261 1505 376 1552 senatus
391 1496 513 1552 decretis
526 1496 619 1552 libido
632 1496 805 1552 feminarum
822 1496 963 1570 coercita,
976 1507 1163 1574 cautumque,

115 1597 308 1661 acquestum
328 1588 592 1661 commefaceret,
615 1587 662 1644 oui
682 1607 768 1658 avus,
791 1598 841 1646 aut
858 1599 950 1663 pater,
976 1599 1027 1645 aut
1045 1591 1164 1648 maritus

114 1695 201 1753 eques
217 1697 354 1737 romanus
367 1680 466 1737 luisset
483 1699 491 1736 s
507 1699 573 1736 nam
587 1680 711 1751 Vistilia,
728 1679 864 1754 pretoria
876 1680 982 1738 familia
998 1682 1108 1758 genita,
1125 1683 1163 1740 li-

115 1771 237 1827 centiam
258 1772 351 1847 stupri
372 1772 452 1847 apud
471 1773 567 1830 aediles
588 1775 770 1849 vulgaverat3
783 1792 865 1830 more
885 1774 961 1831 iuter
978 1785 1088 1832 veteres
1112 1795 1162 1834 re-

113 1875 198 1939 cepto
205 1905 214 1935 ‚
229 1865 281 1940 qui
291 1865 357 1922 satis
365 1884 518 1940 poenarum
530 1865 682 1922 adversum
695 1865 855 1941 impudicae
867 1866 899 1923 in
911 1866 972 1943 ipsa
985 1867 1163 1942 professione

113 1953 213 2034 flagitii
228 1958 392 2014 credebant.
406 1981 420 2010 s

155 2051 306 2138 Utriusque
317 2063 435 2119 ονᾱὺιιὶι.
449 2064 560 2136 Nempe
572 2062 708 2119 senatorii
724 2061 835 2120 ordinis
848 2073 877 2119 et
893 2064 1042 2136 equestris.

154 2151 299 2210 Subibunt.
313 2155 400 2212 Suam
423 2154 500 2212 caim
517 2155 685 2230 dignitatem
699 2155 829 2212 amittere
851 2157 1032 2216 condemnati
1052 2159 1159 2214 malue-

112 2255 197 2319 runt,
218 2263 307 2323 quam
320 2266 410 2305 secuse
427 2233 477 2304 aut
492 2263 584 2303 arena
598 2261 716 2322 operam
734 2265 795 2304 noa
810 2246 903 2306 cdere.

152 2349 328 2411 Ademit'H.
342 2369 368 2410 e.
383 2361 485 2410 acuatu
497 2351 596 2408 movit.

152 2445 225 2523 1²⁰⁸!
237 2447 322 2502 diem.
336 2444 402 2502 Scil.
418 2443 554 2502 kalendas
574 2442 654 2516 julii,
668 2444 860 2503 locationibus
880 2455 909 2502 et
922 2445 1164 2506 conductionibus

110 2537 323 2594 habitationum
344 2538 520 2595 constitutas.
535 2539 636 2607 Quum
655 2546 750 2593 autem
765 2539 821 2595 sub
836 2539 909 2596 illud
931 2549 1044 2614 tempus
1060 2558 1163 2618 magna

108 2649 177 2705 pars
195 2631 318 2688 civitatis
330 2631 362 2688 in
377 2630 459 2689 villas
472 2641 502 2690 et
515 2630 682 2688 suburbana
696 2627 760 2688 loca
773 2631 922 2710 migraret,
937 2631 1041 2690 domus
1059 2633 1163 2690 exinde

107 2721 194 2782 vilius
207 2724 298 2782 locari
311 2725 449 2783 solebant.

148 2831 219 2896 cu..
234 2833 376 2889 xxxm.
400 2831 560 2908 egyptus.
586 2831 721 2906 ioseph,
741 2833 807 2887 Ans.
829 2831 912 2899 us,
936 2817 1068 2904 sums
1086 2852 1094 2887 ι
1114 2847 1163 2901 m.

106 2918 192 2992 lasis<
204 2931 246 2984 cis
266 2931 325 2985 scis
346 2935 471 2998 soledas,
485 2931 528 2986 sal
542 2931 571 2985 τὸ
586 2931 691 3003 ἄγαλμα
708 2930 740 2992 εἰς
759 2932 800 2983 ris
814 2928 902 3001 uutpv
915 2933 1028 3003 sorapis
1051 2933 1162 2986 umus·

107 3020 229 3092 ίμΰαλιῖν
245 3021 369 3095 Tsda'peoc,
383 3024 453 3096 lepris
464 3044 493 3078 τι
508 3023 701 3094 ἀνεσταύρωσεν.

149 3120 340 3195 compescuit.
355 3123 390 3178 Δ.
404 3121 441 3178 U.
459 3137 525 3192 7¹7².
539 3119 647 3190 Tacit,
660 3122 787 3188 Annal,
803 3139 845 3192 ιι,
859 3120 897 3179 85
912 3141 919 3176 :
935 3143 947 3172 ι
963 3123 1067 3178 Actum
1082 3131 1110 3178 et
1125 3121 1162 3177 de

104 3212 197 3270 sacris
217 3211 348 3288 aegyptiis
365 3211 547 3287 judaicisquo
567 3211 727 3286 pellendis;
754 3212 922 3289 factumque
946 3225 1061 3288 patrum
1088 3233 1161 3270 con-

105 3306 236 3376 sultum,
255 3315 289 3362 ut
308 3315 436 3381 quatuor
455 3305 545 3364 millia
557 3304 686 3362 libertini
698 3305 825 3382 generis,
844 3323 878 3362 ea
899 3307 1185 3381 superstitionem·

104 3397 202 3468 lecta,
219 3401 284 3472 quis
301 3397 407 3454 idonea
423 3408 506 3470 setas,
520 3397 551 3455 in
564 3397 685 3455 insulam
698 3397 859 3456 Sardiniam
878 3399 1081 3456 veherentur.-

148 3491 340 3548 Sacramentr'.
355 3493 391 3549 Η.
406 3509 431 3548 e.
446 3491 578 3569 legitime
590 3490 696 3548 militia
714 3500 862 3566 protextu.
980 3500 984 3512 ‘

146 3598 297 3654 Gravioris
309 3599 384 3655 coels'.
394 3597 460 3655 Scil.
470 3598 501 3654 ia
515 3597 692 3668 Sardiniam
701 3598 809 3668 Tacit,
823 3601 841 3656 l.
859 3616 882 3653 c.
901 3616 909 3651 :
924 3597 983 3653 «Et
995 3597 1019 3653 si
1034 3599 1073 3654 ob
1091 3615 1160 3674 gra-

102 3691 228 3748 vitatem
243 3691 307 3748 coeli
320 3690 496 3763 interissent,
514 3691 570 3749 vile
584 3693 752 3748 damnum.»
858 3701 864 3714 ·

144 3783 385 3842 Mathematlcos
399 3787 435 3842 Δ.
450 3787 487 3844 U.
503 3786 570 3861 769.
586 3783 676 3844 Tacit.
697 3785 745 3841 uh.
766 3804 846 3858 sup,
866 3781 902 3840 da
925 3805 932 3840 t
952 3787 1059 3842 «Facta
1079 3783 1160 3840 etde

99 3871 316 3935 mathematicis
328 3876 476 3956 magisque
491 3879 573 3937 ltalia
586 3878 726 3954 pellendis
741 3887 856 3936 senatus
869 3879 1031 3935 consulta.-

142 3983 219 4039 Cae.
234 3983 389 4040 xxxvu.
406 3981 625 4042 contuerentur.
639 3988 673 4041 A.
689 3987 726 4044 U.
742 3986 810 4056 776.
822 3983 930 4053 Tacit,
950 3984 1025 4038 Ana.
1034 4021 1044 4049 ,
1060 3999 1101 4052 ιι,
1117 3999 1133 4037 a
1150 4003 1157 4038 :

98 4099 112 4124 ι
123 4073 201 4132 Vim
213 4074 402 4148 proiectura,
416 4075 558 4132 modicam
570 4086 668 4147 antea,
684 4075 821 4146 intendit,
835 4073 977 4148 dispereas
987 4091 1041 4147 per
1048 4073 1159 4132 Urbem

97 4168 243 4223 cohortes
255 4181 314 4224 una
344 4163 374 4223 in
401 4177 493 4224 castra
516 4167 727 4238 conducend03
748 4178 781 4224 nt
795 4167 879 4224 shnnl
905 4165 1026 4241 imperia
1045 4166 1158 4241 accipe-
