3114 5446
428 559 483 596 aru
833 541 863 594 C.
881 541 1058 596 surronn

428 665 598 760 propalam
628 665 808 735 contemtui
837 680 930 734 esset.
958 668 1127 735 Excusans
1159 665 1294 758 quidam
1324 681 1442 755 testem,

429 813 447 855 e
468 787 639 880 provincia
658 786 700 854 ab
719 809 759 853 eo
777 798 950 868 vocatum,
977 787 1106 880 negavit
1126 800 1245 880 praesto
1261 811 1331 855 esse
1348 812 1443 880 posse,

429 903 632 974 dissimulata
659 905 716 972 diu
736 929 852 991 causa3
879 929 919 972 ac
937 921 1012 998 post
1030 903 1143 1000 longas
1166 905 1298 974 demum
1323 908 1446 976 interro·

430 1029 596 1120 gationes,
613 1027 797 1094 «Mortuus
819 1039 913 1112 est,o
932 1025 1060 1118 inquit:
1080 1041 1200 1118 «poto,
1219 1024 1350 1096 licuit.»
1368 1027 1448 1096 llius

434 1147 556 1242 gratias
585 1170 700 1240 agens,
727 1145 818 1238 quod
843 1169 934 1214 reum
960 1143 1089 1213 delendi
1113 1159 1298 1239 pateretur,
1324 1145 1447 1240 adjecit:

431 1269 500 1334 «Et
517 1280 627 1334 tamma
649 1265 719 1334 lieri
746 1263 867 1333 solet.»
889 1263 976 1333 lllud
992 1289 1125 1358 quoquc
1145 1289 1164 1333 a
1186 1265 1365 1358 majoribus
1381 1281 1450 1335 nato

432 1385 625 1473 audiebam,
644 1384 726 1453 adeo
746 1384 928 1455 causidicos
951 1385 1110 1478 patientia
1134 1385 1205 1478 ejus
1221 1383 1337 1456 solitos
1353 1387 1451 1470 abuti,

433 1519 469 1574 ut
483 1504 736 1574 descendentem
753 1531 772 1574 e
789 1504 945 1574 tribunali
960 1531 1026 1575 non
1042 1505 1150 1574 solum
1163 1531 1244 1576 voce
1256 1521 1454 1590 revocarent,

434 1625 490 1694 sed
510 1642 543 1696 et
558 1625 677 1695 lacinia
694 1640 779 1720 togae
797 1641 940 1714 retenta,
959 1625 1125 1696 interdum
1144 1625 1226 1720 pede
1243 1627 1456 1720 apprehenso,

435 1745 630 1815 detinerent.
648 1749 697 1816 Ac
715 1770 757 1813 ne
779 1745 832 1814 cui
854 1747 924 1814 haec
943 1747 1027 1814 mira
1046 1747 1128 1828 sint,
1148 1745 1306 1840 litigatori
1326 1745 1457 1843 graeculo

438 1891 502 1934 vox
519 1867 553 1934 in
572 1863 785 1935 altercatione
803 1865 946 1934 excidit:
963 1868 1030 1936 Kal
1048 1864 1088 1936 cxl
1102 1859 1199 1956 γέρων
1214 1855 1260 1954 ri,
1280 1876 1335 1936 aar*
1351 1858 1460 1957 puple.

438 1987 590 2078 Equitem
621 1984 754 2078 quidem
792 2009 983 2072 romanum,
1022 1987 1243 2056 obscoenitatis
1272 1987 1309 2054 in
1334 1986 1462 2054 feminas

439 2129 548 2192 renn1,
576 2104 632 2173 sed
657 2103 740 2174 salso
765 2121 797 2173 et
829 2105 870 2174 ab
898 2104 1134 2202 impotentibus
1163 2107 1307 2175 inimicis
1330 2105 1463 2176 conficto

439 2226 597 2312 crimine,
625 2227 703 2294 satis
736 2239 882 2310 constat,
905 2251 1009 2320 quum
1042 2241 1152 2296 scorta
1181 2227 1353 2296 meritoria
1379 2225 1466 2294 citari

441 2345 596 2414 adversus
613 2369 665 2430 se,
681 2360 714 2414 et
730 2345 836 2414 audiri
856 2371 916 2440 pro
932 2347 1121 2416 testimonio
1134 2346 1276 2433 videret,
1296 2345 1466 2442 graphium

441 2481 474 2535 et
494 2463 640 2554 libellos,
659 2489 742 2558 quos
764 2465 895 2536 tenebat
911 2467 945 2534 in
961 2491 1080 2554 manu,
1100 2468 1144 2534 ita
1161 2491 1237 2535 cum
1253 2489 1377 2560 magna
1397 2461 1471 2532 stul·

443 2587 522 2654 titiae
538 2599 572 2654 et
591 2586 720 2654 saevitioe
739 2585 991 2678 exprobratione
1006 2585 1123 2680 jecisse
1146 2585 1318 2655 infaciem
1337 2585 1424 2678 ejus,
1439 2595 1475 2650 ut

442 2731 559 2800 genam
580 2731 645 2776 non
666 2704 781 2774 leviter
795 2705 1030 2799 perstrinxerit.

350 2843 353 2850 ⁴
458 2879 459 2884 η
491 2828 584 2895 XVI.
606 2825 715 2896 Gessit
727 2839 759 2893 et
774 2825 1200 2911 censuram,intermissam
1215 2824 1273 2894 diu
1285 2841 1367 2918 post
1386 2823 1477 2894 Plan-

444 2969 520 3014 cum
549 2943 754 3037 Paulumque
779 2968 956 3014 censores:
980 2943 1037 3012 sed
1065 2945 1150 3014 hanc
1175 2967 1312 3039 quoque
1338 2947 1481 3036 inaequa-

445 3063 570 3150 biliter,
606 3065 764 3156 varioque
794 3079 827 3132 et
858 3065 969 3133 animo
1000 3079 1034 3133 et
1070 3079 1201 3134 eventu.
1236 3065 1482 3160 Recognitione

447 3183 596 3276 equiturn
614 3183 770 3274 juvenem
788 3183 901 3276 probri
923 3181 1073 3278 plenum,
1094 3183 1151 3252 sed
1170 3207 1266 3278 quem
1287 3199 1391 3278 pater
1410 3205 1484 3276 pro·

447 3301 651 3370 batissimum
683 3301 746 3370 sibi
778 3299 984 3392 affirmabat,
1013 3303 1083 3371 sine
1118 3303 1305 3398 ignominia
1339 3301 1488 3384 dimisit,

447 3451 463 3484 e
476 3421 625 3488 habere»
645 3418 757 3489 dicens
775 3445 967 3491 «censorem
985 3445 1091 3492 suum.
1102 3451 1120 3486 o
1138 3419 1267 3510 Alium,
1285 3418 1491 3516 corruptelis

448 3538 682 3633 adulteriisque
694 3539 868 3629 famosum,
887 3541 970 3610 nihil
982 3541 1123 3635 amplius
1139 3565 1239 3636 quarn
1255 3541 1419 3625 monuit,
1434 3550 1494 3606 «nt

450 3675 509 3730 aut
525 3659 657 3753 parcius
676 3658 815 3728 aetatulae
833 3658 1031 3756 indulgeret,
1048 3675 1105 3730 aut
1118 3675 1207 3730 certe
1224 3662 1387 3730 cautius:
1404 3689 1422 3724 a
1438 3655 1494 3726 ad-

449 3778 617 3873 diditque:
631 3779 770 3869 «Quare
779 3779 868 3848 enim
878 3803 940 3875 ego
956 3781 1040 3865 solo,
1052 3805 1152 3875 quam
1164 3781 1312 3851 amicann
1324 3779 1500 3851 habeasla

449 3899 492 3968 Et
513 3923 635 3992 quum,
655 3899 824 3968 orantibus
843 3895 1072 3984 familiaribus,
1088 3899 1259 3970 demsisset
1276 3901 1430 3971 cuidam
1448 3921 1502 3992 ap·

451 4019 592 4112 positam
622 4033 753 4106 notam,
778 4019 926 4088 «Litora
954 4033 1115 4107 tamem»
1150 4021 1278 4114 inquit,
1311 4035 1468 4091 «exstet.
1486 4047 1502 4080 r

363 4169 373 4190 ·
453 4137 669 4230 Splendidum
696 4142 823 4227 virum,
848 4139 1049 4233 Graeciaeque
1077 4141 1257 4234 provinciae
1277 4143 1505 4237 principem,
