3098 5446
576 449 711 503 GALBA.
1152 471 1169 524 9

128 573 210 640 ritiae
231 597 239 638 ε
261 569 351 665 quod
372 559 522 640 civitates
545 572 781 665 Hispaniarum
801 570 1074 666 Galliarbmque,
1094 599 1167 666 quoe

126 693 335 760 cunctantius
354 691 416 760 sibi
430 707 659 780 accesserant,
679 691 886 788 gravioribus
904 693 1057 780 tributis,
1073 717 1169 786 quas·

127 811 201 880 dam
220 812 319 880 etiam
336 836 509 880 murorum
529 811 771 898 destructione,
792 813 954 906 punisset;
968 828 1000 881 et
1014 815 1169 907 praeposi·

127 947 178 1001 tos
214 945 512 1025 procuratoresque
548 930 711 1026 supplicio
749 933 867 1026 capitis
897 931 1059 1002 affecisset
1092 958 1167 1002 cum

121 1039 323 1146 'conjugibus
339 1075 377 1120 ac
395 1051 526 1139 liberis,
543 1051 700 1146 quodque
720 1050 865 1120 oblatam
885 1078 903 1121 a
919 1055 1170 1123 Tarraconensi·

125 1172 187 1242 bus
217 1197 236 1240 e
262 1185 370 1242 vetere
395 1171 521 1268 templo
546 1174 637 1242 lovis
660 1157 818 1241 coronam
847 1197 981 1242 auream
1008 1172 1169 1242 librarum

126 1292 317 1384 quindecim
336 1292 529 1378 conflasset,
550 1317 588 1362 ac
609 1306 676 1361 tres
700 1293 835 1380 uncias,
857 1317 930 1386 quae
954 1293 1092 1387 ponderi
1110 1293 1168 1363 de·

125 1427 240 1502 erant,
248 1413 398 1507 jussisset
412 1415 509 1510 exigi.
523 1416 572 1482 Ea
586 1413 673 1481 sama
689 1427 723 1481 et
738 1412 931 1482 confirmata
944 1428 978 1482 et
990 1429 1086 1484 aucta
1102 1429 1169 1500 est,

129 1549 166 1604 ut
184 1535 329 1628 primum
349 1534 472 1603 Urbem
489 1535 628 1602 introiit.
643 1535 729 1602 Nam
746 1559 850 1627 quum
871 1532 1068 1622 classiarios,
1085 1560 1169 1628 quos
1195 1569 1201 1578 ·

7 1693 9 1720 t
128 1657 219 1724 Nero
240 1679 280 1722 ex
297 1654 488 1748 remigibus.
494 1655 599 1747 justos
616 1653 737 1723 milites
756 1653 893 1742 lecerat,
914 1654 1022 1725 redire
1041 1655 1082 1724 ad
1100 1657 1168 1749 pri-

128 1778 254 1844 stinum
274 1789 397 1844 statum
416 1789 573 1872 cogeret5
591 1789 795 1862 recusantes,
812 1789 911 1867 atque
929 1777 1065 1870 insuper
1079 1779 1170 1869 aqui·

127 1893 193 1964 lam
214 1909 249 1964 et
265 1895 359 1989 signa
375 1895 576 1990 pertinacius
593 1893 800 1987 flagitantes,
819 1919 887 1962 non
905 1893 1004 1964 modo
1025 1895 1170 1964 immisso

127 2017 240 2110 equite
259 2015 405 2108 disjecit,
425 2014 482 2084 sed
500 2015 674 2084 decimavit
690 2017 799 2083 etiam.
821 2019 905 2084 Item
924 2020 1170 2086 Germanorum
1196 2010 1199 2016 ’

126 2121 358 2221 cohortem,a
377 2136 563 2206 Caesaribus
580 2134 666 2204 olim'
680 2133 722 2204 ad
746 2136 927 2205 custodiam
946 2138 1095 2230 corporis
1118 2139 1170 2206 in·

127 2260 296 2346 stitutum,
317 2255 497 2350 multisque
508 2256 739 2350 experimentis
751 2255 972 2326 fidelissimam
985 2310 994 2344 ,
1008 2255 1171 2342 dissolvit,

127 2380 255 2448 acsine
267 2375 336 2447 ullo
347 2376 525 2446 commodo
543 2378 670 2445 remisit
685 2378 719 2444 in
735 2379 895 2471 patriam,
912 2378 1007 2471 quasi
1020 2379 1083 2447 Cn.
1100 2381 1171 2448 Do-

7 2547 8 2550 *
127 2496 273 2584 labellae,
295 2499 392 2590 juxta
417 2497 512 2590 cujus
540 2497 655 2566 hortos
682 2497 854 2584 tendebat,
882 2499 1083 2590 proniorem.
1112 2496 1172 2568 llla

129 2642 280 2712 quoque,
298 2642 417 2686 verene
431 2642 475 2686 an
490 2615 589 2702 falso,
601 2641 661 2711 per
677 2614 857 2685 ludibrium
875 2615 1097 2709 jactabantur,
1110 2641 1170 2713 ap·

129 2743 238 2834 posita
272 2720 413 2808 lautioie
446 2763 539 2808 coena
573 2737 772 2833 ingemuisse
803 2762 905 2824 cum;
933 2752 967 2806 ct
1002 2723 1176 2808 ordinario

130 2861 266 2955 quidem
301 2859 546 2954 dispensatori,
572 2860 762 2927 breviarum
793 2859 961 2926 rationum
994 2857 1172 2944 offerenti,

128 2979 338 3076 paropsidem
359 2979 535 3074 leguminis
558 3003 621 3074 pro
642 2975 815 3078 sedulitate
838 3003 877 3047 ac
900 2975 1070 3073 diligentia
1090 3004 1170 3072 por·

129 3103 273 3188 rexisse;
291 3104 385 3170 Cano
400 3115 512 3169 autem
531 3097 714 3186 choraulae,
736 3100 818 3166 mire
838 3096 1005 3193 placenti,
1020 3098 1173 3168 denarios

131 3222 279 3314 quinque
296 3220 456 3308 donasse,
476 3216 623 3314 prolatos
643 3218 744 3288 manu
765 3243 825 3288 sua
842 3243 860 3287 e
877 3207 1099 3314 peculiaribus
1120 3218 1172 3288 lo·

132 3339 212 3409 culis
229 3344 308 3410 suis.

177 3465 272 3532 XIII.
292 3463 407 3551 Quare
429 3463 591 3532 adventus
612 3465 682 3557 ejus
706 3487 773 3530 non
795 3461 933 3556 perinde
956 3476 1070 3556 gratus
1090 3461 1172 3547 suit,

134 3581 230 3678 idque
248 3583 401 3677 proximo
420 3582 609 3678 spectaculo
629 3584 809 3677 apparuit:
830 3582 993 3676 siquidem
1012 3581 1173 3651 Atellanis

133 3704 342 3772 notissimum
352 3705 518 3772 canticum
529 3705 671 3791 exorsis,
685 3705 826 3786 «Venit,
839 3700 888 3772 io!
904 3704 1041 3772 Simusa
1052 3700 1147 3790 villa;
1157 3733 1173 3766 »

132 3826 244 3892 cuncti
255 3823 353 3893 simul
369 3839 570 3918 spectatores
586 3813 812 3892 consentiente
826 3848 908 3891 voce
921 3822 1081 3916 reliquam
1098 3847 1174 3916 par·

134 3961 197 4012 tem
218 3944 426 4034 retulerunt3
445 3970 484 4014 ac
503 3947 619 4048 saepius
636 3969 734 4013 versu
750 3945 893 4039 repetito
913 3958 1060 4037 egerunt.

180 4068 268 4135 XIV.
281 4067 411 4159 Majore
427 4065 510 4164 adeo
522 4080 555 4134 et
567 4065 680 4134 favore
694 4081 726 4134 et
741 4065 937 4134 auctoritate
949 4063 1090 4158 adeptus
1108 4079 1173 4153 cst,
