3168 5440
138 972 591 1096 lLLUSTRIBUS
626 988 1112 1115 GRAMMATICIS

556 1272 689 1326 LIBER.

544 1520 706 1538 *-

106 1740 130 1807 1.
155 1678 434 1810 Gulussam
450 1739 565 1806 Romae
578 1760 622 1804 ne
637 1737 670 1805 in
683 1761 746 1805 usu
760 1736 895 1831 quidem
907 1734 1004 1826 olim,
1023 1737 1147 1808 nedum

106 1863 139 1928 in
159 1861 288 1931 honore
303 1857 374 1930 ullo
385 1873 457 1928 erat
474 1885 482 1928 :
499 1857 575 1926 rudi
591 1855 716 1927 scilicet
732 1883 771 1927 ac
788 1856 946 1928 bellicosa
962 1859 1148 1929 etiamtum

106 1983 258 2080 civitate,
268 1977 414 2050 necdum
428 2003 550 2074 magno
570 2003 670 2072 opere
686 1977 880 2050 liberalibus
896 1976 1079 2074 disciplinis
1094 2003 1149 2047 va·

105 2115 211 2172 cante.
230 2101 372 2171 Initium
394 2123 528 2193 quoque
544 2099 616 2192 ejus
630 2097 798 2168 mediocre
815 2099 964 2168 exstitit:
984 2099 1148 2193 siquidem

105 2221 329 2315 antiquissimi
349 2218 542 2306 doctorum,
563 2219 620 2312 qui
647 2217 748 2287 iidem
769 2233 803 2287 et
820 2233 925 2312 poetae
951 2233 984 2288 et
1001 2234 1150 2288 oratores

105 2341 286 2437 semigraeci
299 2355 395 2409 erant
411 2339 564 2436 (Livium
582 2355 615 2408 et
628 2340 777 2409 Ennium
790 2338 865 2410 dico
882 2365 891 2410 r
908 2365 993 2434 quos
1008 2355 1150 2434 unaque

104 2459 221 2556 lingua
241 2460 331 2530 domi
348 2460 495 2554 forisque
515 2459 683 2547 docuisse,
698 2459 860 2528 adnotum
877 2459 961 2554 est),
976 2458 1061 2529 nihil
1075 2485 1149 2529 am·

102 2579 193 2676 plius
211 2605 312 2675 quam
335 2605 442 2676 graeca
471 2579 806 2674 interpretabantur:
828 2603 867 2648 ac
891 2581 919 2649 si
944 2579 1026 2672 quid
1048 2578 1150 2650 latine

102 2705 166 2802 ipsi
190 2704 472 2799 composuissent,
497 2698 727 2795 praelegcbant.
749 2703 858 2787 Nam,
884 2698 975 2793 quod
997 2697 1151 2769 nonnulli

102 2823 266 2911 tradunt,
283 2823 368 2892 duos
382 2821 485 2892 libros
500 2819 543 2890 de
559 2820 678 2890 litteris
693 2819 914 2916 syllabisque,
932 2821 1013 2890 item
1025 2819 1070 2890 de
1084 2845 1151 2890 me·

100 2944 180 3032 inis,
199 2943 243 3012 ab
262 2942 379 3013 eodem
396 2943 505 3012 Ennio
523 2940 650 3026 editos,
667 2942 744 3035 jure
760 2943 871 3035 arguit
888 2941 1013 3010 Lucius
1032 2944 1150 3025 Cotta,

100 3090 172 3134 non
200 3079 325 3159 poetas,
345 3063 402 3132 sed
424 3063 614 3157 posterioris
636 3063 736 3130 Ennii
756 3085 826 3130 esse
844 3087 852 3128 :
871 3061 966 3156 cujus
988 3061 1088 3131 etiam
1108 3061 1151 3132 de

97 3184 308 3282 augumndr'
321 3183 502 3280 disctplina
517 3181 689 3251 volumina
707 3181 872 3250 seruntur.

146 3310 197 3376 11.
218 3289 351 3376 Primus
365 3306 479 3399 igitur,
491 3282 655 3397 quantum
670 3302 859 3398 opinamur,
876 3301 1024 3372 studium
1041 3329 1150 3397 gram·

97 3428 235 3498 metica
263 3426 299 3494 in
328 3424 455 3495 Urbem
469 3407 594 3491 ‘intulit
617 3425 732 3493 Crates
761 3420 940 3511 Mallotes,
962 3425 1150 3494 Aristarchi

94 3545 261 3643 equalis,
281 3547 341 3640 qui
363 3545 482 3613 missus
504 3542 547 3612 ad
567 3558 718 3614 senatum
745 3544 788 3612 ab
811 3541 927 3614 Attalo
945 3569 1043 3640 rege,
1063 3547 1151 3616 inter

93 3665 287 3738 secundum
304 3689 344 3735 ac
360 3667 494 3734 tertium
509 3663 635 3736 bellum
652 3665 829 3760 punicum,
846 3665 909 3734 sub
926 3667 1033 3761 ipsam
1050 3667 1149 3736 Ennii

93 3803 248 3858 mortem
259 3810 394 3880 ,quum
410 3787 547 3881 regione
564 3784 699 3873 Palatii,
717 3784 890 3880 prolapsus
908 3788 943 3855 in
961 3785 1081 3857 cloacas
1098 3785 1149 3856 fo·

92 3935 240 3997 remen,
260 3934 338 3979 crus
355 3909 525 4005 fregisset,
546 3932 605 4002 per
619 3932 717 3976 omne
735 3905 908 4004 legationis
925 3906 1023 3978 simul
1042 3922 1076 3977 et
1092 3931 1150 3976 va·

91 4032 265 4103 letudinis
284 4046 431 4124 tempus,
448 4027 609 4124 plurimas
624 4023 790 4119 ἀκροάσεις
807 4028 948 4097 subinde
965 4027 1059 4117 fecit,
1075 4028 1152 4096 assi·

89 4153 239 4248 ducque
258 4150 428 4238 disseruit,
442 4175 481 4220 ac
493 4151 615 4220 nostris
633 4149 784 4244 exemplo
800 4149 863 4218 luit
878 4147 921 4218 ad
937 4147 1148 4217 imitandum.

244 4293 282 4336 ιι.
302 4333 306 4342 ,
989 4266 1012 4338 6
