3164 5442
436 474 476 528 m
498 475 582 530 oer.
602 474 826 532 suousruu.
1095 477 1151 552 169
1204 523 1207 528 .

120 607 225 659 senem,
243 589 294 646 sed
316 590 496 646 Alexandriae
521 591 603 664 cujus
629 609 749 666 regnum
771 602 934 666 speraverat
960 591 1152 650 interemtum.

108 737 125 764 v.
155 680 347 752 Caesasr'ouem.
362 685 405 740 De
423 702 458 739 eo
471 685 501 740 in
522 685 593 740 Coes.
602 726 611 753 ,
629 703 692 759 sup.
710 703 764 740 nu.

155 773 273 830 Liberos.
286 775 351 832 Scil.
376 777 555 851 Cleopatram
571 775 659 834 filiam
675 775 809 847 ectitius,
829 794 954 852 quorum
976 777 1037 834 dno
1056 778 1154 833 nomi·-

120 875 215 920 nantur
236 865 267 921 in
291 867 353 924 Liv.
371 870 480 942 Epis,
499 888 614 942 omn,
638 869 803 926 Alexander
827 881 856 926 ct
879 869 1088 943 Philadelphus.
1109 869 1152 926 ct.

120 958 297 1029 Etruscum,
311 959 341 1014 in
353 961 381 1016 h.
396 963 417 1017 l.

154 1051 216 1106 Car.
232 1053 341 1108 XVIII.
360 1054 570 1129 consultusque.
591 1055 626 1110 H.
641 1075 666 1112 e.
681 1055 888 1130 interrogatus,
907 1063 940 1109 ut
952 1054 1043 1125 Pion,
1062 1073 1091 1126 r,
1111 1073 1152 1125 7:

119 1143 189 1198 «Per
199 1143 316 1200 nuntios
334 1146 493 1202 consulenti
507 1145 656 1221 quid·fieri
671 1150 764 1204 vellet.
781 1172 793 1198 u

157 1235 257 1309 Opere.
269 1239 364 1293 curel.
382 1238 471 1310 Vise,
487 1259 513 1310 1,
528 1238 545 1296 5
561 1259 568 1294 :
582 1242 717 1297 «Labore
730 1242 851 1296 militum
865 1237 1030 1313 patefecit.»

154 1328 319 1402 Nicopolim.
335 1331 406 1402 Dio,
419 1351 465 1402 ιι,
475 1352 504 1407 p.
521 1333 578 1400 443
595 1353 602 1388 2
617 1344 690 1394 Πόλιν
699 1363 727 1394 re
735 1342 792 1396 τινὰ
806 1344 829 1394 u
843 1349 878 1411 τῷ
895 1335 1155 1411 orpuruuidtusdup,

118 1429 167 1489 rebe
179 1430 221 1500 piu
237 1433 392 1502 συναγείρας,
402 1431 463 1494 ¹rob<
480 1429 505 1485 δ’
519 1435 662 1496 ἀναστήσας
679 1442 727 1487 τῶν
743 1435 916 1504 πλησιοχώρων
933 1431 1064 1504 caudatos,
1082 1435 1158 1486 Nasi-

118 1527 180 1572 πολιν
199 1523 263 1592 αὐτῇ
278 1523 354 1592 ὄνομα
370 1519 434 1584 δούς.
675 1573 679 1580 .

154 1603 267 1678 Spoliis.
281 1606 343 1662 Hac
363 1607 398 1662 dc
416 1627 448 1664 re
464 1609 637 1684 epigramma
656 1608 781 1682 Philippi
800 1608 897 1664 Floril.
914 1605 1022 1684 (Antia.
1036 1609 1157 1676 Jacobs„

116 1695 167 1748 sol.
181 1714 221 1766 u,
238 1715 267 1770 p.
283 1695 352 1776 203)
374 1717 380 1753 τ

232 1868 336 1952 Ipflota
353 1884 529 1953 χαλκσγίνσια,
547 1884 666 1952 pulsatos
682 1885 767 1951 τιῖχια
783 1891 861 1948 uuus,

227 1963 353 2026 Ᾰκτισκσῦ
368 1976 473 2043 πολέμου
492 1976 593 2044 sciprio
610 1976 737 2044 μαρτύρια.

153 2152 217 2207 cau.
238 2153 321 2208 XIX.
347 2154 492 2226 Tempore.
514 2155 629 2224 Senem,
648 2155 685 2208 de
700 2153 849 2219 Clement,
870 2172 898 2224 1,
917 2172 935 2227 9
958 2171 996 2207 :a
1018 2152 1159 2210 Salvidie-

116 2261 180 2298 num
198 2244 328 2318 Lepidus
349 2256 462 2302 secutus
477 2257 536 2315 est,
554 2246 695 2319 Lepidum
714 2248 850 2322 Murena,
873 2247 1024 2300 Murenam
1047 2245 1159 2320 Caepio,

117 2334 275 2409 Caepionem
289 2338 439 2413 Egnatius,
452 2349 485 2393 ut
499 2337 570 2394 alios
586 2349 707 2407 taceam,
722 2357 796 2412 quos
809 2349 919 2393 tantum
936 2356 1020 2394 ausos
1031 2337 1132 2412 pudet.
1145 2365 1159 2389 ι

152 2430 276 2485 quenti.
292 2433 324 2487 Α.
344 2433 380 2487 U.
398 2429 464 2500 725.
483 2432 633 2502 Vell.,11,
650 2430 687 2486 88
706 2451 712 2484 :
731 2430 855 2504 «Lepidi
879 2431 1011 2504 ejusqui
1030 2430 1160 2486 triumvir

117 2518 204 2575 fuerat
216 2520 385 2594 reipublicae
399 2521 604 2577 constituendae
618 2521 707 2592 filius,
727 2522 826 2590 Junia,
840 2522 921 2576 Bruti
938 2539 1037 2577 sorore
1060 2533 1160 2592 natus,
1192 2511 1193 2516 ¹

116 2609 326 2684 interficiendi,
360 2614 443 2669 simul
474 2614 503 2670 in
535 2616 646 2672 Urbem
682 2613 864 2683 revertisset,
896 2613 1011 2670 Caesaris
1044 2612 1161 2669 consilia

118 2701 222 2760 inierat.
249 2730 260 2754 u

156 2800 309 2873 caepione.
327 2804 362 2856 A.
383 2804 419 2858 U.
436 2802 502 2872 732.
517 2802 609 2871 Vell,
627 2802 681 2856 loc.
696 2801 742 2860 cit.
763 2819 770 2854 :
785 2802 838 2856 «L.
857 2802 979 2854 Murena
995 2795 1160 2874 (adoptatus

117 2911 133 2947 a
149 2895 180 2950 L.
199 2894 339 2949 Terentio
355 2891 496 2971 Varrone)
511 2904 539 2949 et
558 2895 589 2948 F.
606 2893 714 2966 Caepio,
728 2893 846 2950 diversis
859 2891 987 2946 moribus
1000 2889 1077 2968 (uam
1091 2894 1161 2946 Mu-

116 3002 183 3040 rena
196 2985 261 3040 sine
285 2985 341 3040 hoc
359 2985 486 3041 facinore
508 2985 605 3058 potuit
619 2985 711 3040 videri
729 2986 838 3054 bonus,
857 2981 952 3055 Caepio
976 2992 1004 3037 et
1023 2983 1079 3038 boo
1097 2993 1161 3038 ante

117 3075 282 3154 pessimus),
303 3097 395 3152 quum
415 3078 543 3134 iniissent
565 3077 716 3133 occidendi
742 3077 856 3134 Caesaris
881 3074 1015 3145 consilia,
1033 3075 1162 3149 oppressi

117 3171 288 3226 auctoritate
304 3171 435 3245 publica,
450 3171 532 3245 quod
544 3171 573 3225 vi
590 3171 682 3226 iacere
696 3171 862 3238 voluerant,
875 3167 939 3240 jure
953 3167 1136 3241 pessimat.»

154 3263 195 3318 M.
219 3263 338 3336 Egnati.
361 3262 499 3318 Triennio
520 3273 587 3337 post
612 3265 739 3318 Murenae
760 3259 958 3334 Caepionisque
983 3258 1162 3331 conjuratio-

116 3373 188 3411 nem.
204 3357 301 3426 velt,
318 3355 370 3411 ubi
384 3374 467 3428 sup,
481 3374 515 3429 9¹
541 3375 548 3410 ε
570 3356 695 3427 «Neque
708 3354 799 3408 multo
821 3362 887 3425 post
902 3352 996 3407 llufus
1014 3350 1164 3426 Egnatius,

115 3465 166 3518 per
186 3448 286 3504 omnia
304 3448 456 3524 gladiatori
471 3467 557 3522 quam
571 3446 695 3503 senatori
704 3445 835 3518 propior,
850 3445 970 3499 collecto
985 3442 1016 3497 in
1029 3442 1162 3497 aedilitate

116 3539 212 3598 favore
232 3541 562 3618 populi...uaggrcgatis
583 3539 730 3596 simillimis
747 3538 821 3610 sibi,
841 3536 1004 3592 interimere
1027 3536 1162 3590 Caesarem

113 3635 242 3690 millii.»

155 3727 293 3801 Luciique
316 3727 412 3781 Pauli.
440 3727 545 3782 Paulus
567 3725 689 3780 duxerat
709 3723 830 3794 Iuliam,
851 3729 966 3794 neptem
988 3715 1108 3793 Augusti
1128 3735 1163 3772 ex

115 3817 245 3892 Agrippa
266 3828 295 3873 et
309 3818 396 3874 Iulia.
411 3820 518 3874 Consul
536 3817 591 3873 suit
604 3821 639 3873 Δ.
654 3819 690 3874 U.
708 3816 773 3887 754.
942 3866 943 3870 ,

150 3910 212 3966 liei.
239 3911 388 3967 falsarum
410 3911 575 3966 tabularum
602 3929 669 3966 reus
692 3907 851 3976 dicebatur,
873 3906 935 3979 lege
955 3900 1104 3970 Cornelia,
1128 3901 1165 3954 de

107 3999 198 4064 salsis
207 4044 219 4072 ,
245 4003 298 4079 qui
322 4027 334 4053 α
350 4004 628 4075 testamentum,ch
644 4001 721 4058 aliud
740 4001 958 4054 instrumentum
975 3994 1075 4048 salsum
1093 3992 1166 4047 scri—

110 4096 210 4167 pserit,
226 4096 384 4172 signaverit
393 4139 401 4168 ,
418 4095 595 4167 recitaverit,
616 4095 661 4150 vel
675 4091 841 4165 subjecerit,
857 4091 902 4145 vel
916 4087 1028 4162 signum
1050 4084 1166 4141 adulte-
