3098 5446
448 489 719 548 vasmsrmus.
1076 503 1112 568 a,

119 623 204 694 XIII.
223 618 418 696 Amicorum
435 613 640 698 libertatem,
655 615 902 688 causidicorum
919 617 1058 713 figuras,
1071 645 1112 694 ac

79 741 338 838 philosophorum
366 737 611 834 contumaciam
638 735 806 810 lenissime
836 735 923 812 tulit.
943 741 1109 814 Licinium

77 865 277 950 Mucianum,
303 875 391 934 note
418 859 655 954 impudicitias,
679 857 736 930 sed
766 861 963 932 meritorum
989 863 1109 938 fiducia

78 986 176 1082 miuus
187 986 238 1058 sui
258 997 485 1070 reverentem,
499 994 690 1074 nunquam,
706 983 767 1052 nisi
784 980 887 1070 clam,
901 997 935 1056 et
951 983 1111 1058 hactenus

76 1121 214 1176 retaxare
241 1105 417 1190 sustinuit,
443 1117 482 1175 ut
508 1099 599 1196 apud
622 1127 833 1180 communem
856 1101 1000 1199 aliquem
1029 1109 1112 1178 ami·

75 1252 141 1300 cum
157 1251 313 1321 querens,
332 1224 470 1300 addocet
483 1221 638 1294 clausulae
656 1249 665 1298 t
683 1227 786 1320 rEgo
802 1240 912 1298 tamen
933 1227 983 1294 vir
996 1251 1082 1300 sum.
1096 1259 1112 1294 a

77 1347 212 1420 Salvium
232 1344 439 1434 Liberalem,
460 1346 495 1416 in
512 1343 707 1420 defensione
726 1345 838 1420 divitis
855 1347 903 1424 rai
924 1373 1043 1420 ausum
1063 1348 1113 1421 di·

74 1493 152 1554 cere,
180 1466 311 1556 «Quid
343 1465 385 1540 ad
414 1469 597 1554 Caesarem,
627 1466 655 1536 si
681 1466 895 1561 Hipparchus
923 1471 1110 1542 sestertium

74 1588 183 1658 millies
202 1587 359 1660 habetis
388 1601 420 1656 et
442 1587 512 1681 ipse
526 1585 684 1660 laudarit
703 1589 914 1664 Demetrium
933 1591 1112 1684 cynicum,

73 1711 101 1778 in
117 1711 235 1780 itinere
253 1709 390 1780 obvium
411 1707 474 1778 sibi
494 1722 569 1802 post
588 1707 852 1796 damnationem,
872 1734 911 1780 ac
931 1735 1040 1805 neque
1063 1737 1113 1784 as·

71 1855 222 1930 surgere,
245 1821 362 1924 'neque
390 1827 536 1904 salutare
566 1853 600 1900 se
626 1827 853 1924 dignantem,
886 1829 1111 1906 oblatrantem

71 1951 162 2020 etiam
181 1952 295 2024 nescio
312 1947 414 2043 quid,
432 1950 510 2020 satis
526 1948 646 2021 habuit
665 1951 789 2022 Canem
804 1949 984 2044 appellare.
1016 1953 1019 1960 ’

111 2075 202 2144 XIV.
225 2070 444 2142 Offensarum
471 2069 791 2164 inimicitiarumque
818 2073 959 2144 minime
985 2097 1114 2146 mentor

70 2208 294 2279 exsecutores,
311 2189 439 2262 Vitellii
453 2189 558 2260 bostis
578 2191 629 2260 sui
647 2188 751 2264 filiam
764 2189 1030 2286 splendidissime
1042 2219 1114 2264 ma·

71 2313 196 2399 ritavit,
223 2311 420 2405 dotavitque
447 2311 547 2382 etiam
568 2325 603 2382 et
629 2312 799 2384 instruxit.
827 2311 1009 2408 Trepidam
1035 2341 1113 2386 eum

68 2435 242 2506 interdicta
268 2432 346 2507 aula
375 2433 438 2507 sub
464 2435 616 2520 Nerone,
636 2448 930 2529 quarentemque,
952 2435 1118 2531 quidnam

68 2573 196 2652 ageret,
224 2572 286 2630 aut
316 2580 384 2650 quo
404 2556 527 2640 abiret,
547 2554 684 2648 quidam
702 2577 742 2627 ex
765 2555 878 2628 officio
901 2556 1113 2632 admissionis

67 2677 157 2749 amul
176 2676 367 2773 expellens,
384 2705 402 2742 a
416 2676 509 2748 abire
530 2675 744 2748 Morbouiam
757 2705 774 2740 a
789 2677 945 2770 jusserat.
963 2681 1003 2748 In
1022 2677 1113 2750 bunc

67 2815 175 2892 postea
193 2799 434 2895 deprecantem
449 2796 540 2869 haud
560 2795 647 2871 ultra
665 2797 767 2868 verba
780 2797 979 2882 excanduit,
994 2813 1028 2870 et
1042 2801 1116 2892 qui·

67 2918 136 2988 dem
157 2920 303 2996 totidem
321 2919 390 3018 fere
407 2931 510 3012 atque
525 2915 652 2991 eadem.
674 2899 783 3001 llam,
800 2932 837 2986 ut
852 2919 1042 3012 suspicione
1057 2917 1116 2988 ali-

65 3065 125 3132 qua
143 3041 199 3112 vel
230 3055 327 3112 metu
346 3039 389 3112 ad
415 3039 598 3134 perniciem
616 3039 813 3133 cujusquam
844 3037 1114 3134 corripelleretur,

65 3175 189 3232 tantum
211 3161 345 3248 abfuit,
364 3175 423 3249 ut,
447 3160 659 3232 monentibus
683 3160 821 3249 amieis,
839 3159 1027 3234 cavendum
1044 3186 1115 3232 esse

64 3285 203 3356 Metium
223 3283 507 3377 Pomposianum,
533 3281 625 3375 quod
639 3280 741 3376 vulgo
759 3281 954 3355 crederetur
978 3285 1116 3377 genesin

63 3401 182 3476 babere
201 3404 482 3499 imperatoriam,
501 3403 638 3497 insuper
661 3401 832 3474 consulem
862 3402 999 3490 lecerit,
1016 3429 1117 3498 spon·

63 3521 148 3615 dens,
161 3523 377 3622 quandoque
392 3522 546 3594 beneficii
565 3548 746 3594 memorem
762 3521 924 3596 futurum.

104 3651 181 3716 XV.
200 3649 290 3719 Non
314 3660 439 3718 temere
458 3646 533 3740 quis
549 3645 687 3738 punitus
705 3645 819 3718 insons
837 3646 1036 3741 reperietur,
1054 3645 1117 3714 nisi

61 3767 193 3840 absente
224 3793 272 3838 eo
302 3779 334 3836 et
352 3767 490 3862 ignaro,
519 3779 579 3836 aut
605 3780 696 3837 certe
719 3767 826 3836 invito
848 3781 949 3860 atque
965 3764 1118 3860 decepto.

62 3887 216 3960 Helvidio
235 3888 376 3974 Prisco,
393 3888 452 3980 qui
470 3901 503 3956 et
518 3911 688 3958 reversum
708 3911 743 3956 se
765 3909 804 3956 ex
826 3889 921 3981 Syria
939 3884 1030 3956 solue
1049 3889 1119 3980 pri-

61 4025 134 4080 vato
158 4011 312 4082 nomine'
344 4009 596 4106 Vespasianum
620 4005 841 4096 salutaverat,
861 4022 895 4080 et
916 4009 952 4078 in
976 4023 1120 4103 praetura

60 4133 215 4202 omnibus
237 4129 361 4199 edictis
384 4130 454 4197 sine
472 4129 600 4199 bonore
623 4155 662 4198 ac
682 4129 852 4197 mentione
874 4127 942 4197 ulla
963 4130 1121 4199 transmi-
