3114 5446
411 519 471 572 ‚170
815 495 845 552 c.
866 492 1041 558 susroru
1079 475 1084 482 ’

419 626 573 698 notabilis
592 625 921 694 etiamexternorum
940 618 1039 690 favor.
1062 617 1214 711 Namque
1233 621 1437 710 Artabanus,

415 748 614 818 Parthorum
638 768 716 826 rex,
739 741 852 810 odium
878 763 1007 833 semper
1022 753 1297 832 ‚contemtumque
1318 740 1438 812 Tiberii

417 892 485 961 prm
504 891 538 936 se
555 865 679 950 ferens,
700 861 877 932 amicitiam
895 859 967 951 ejus
986 857 1074 926 ultro
1095 858 1208 950 petiit3
1227 859 1383 952 venitque
1397 859 1437 928 ad

417 984 618 1077 colloquium
641 981 739 1076 legati
766 977 966 1062 consularis,
986 992 1021 1046 et
1043 990 1265 1070 transgressus
1287 978 1437 1071 Euphra-

415 1121 504 1191 tem,
526 1100 654 1195 aquilas
678 1114 710 1168 et
735 1100 826 1192 sigua
848 1120 1008 1182 romana,
1030 1097 1261 1188 Cesarumque
1284 1096 1438 1192 imagines

415 1223 572 1294 adoravit.

464 1347 537 1414 XV.
557 1341 758 1412 Incendebat
771 1353 804 1410 et
820 1341 890 1433 ipse
907 1337 1014 1408 studia
1026 1337 1198 1408 hominum
1211 1335 1303 1406 omni
1320 1360 1438 1430 genere

415 1461 656 1556 popularitatis.
681 1459 814 1530 Tiberio
837 1483 912 1527 cum
933 1455 1084 1551 plurimis
1102 1453 1254 1550 lacrymis
1276 1479 1338 1550 pro
1362 1479 1438 1524 con-

407 1584 511 1672 cione
531 1579 682 1664 laudato,
702 1578 919 1670 funeratoque
936 1573 1152 1668 amplissime,
1168 1573 1337 1646 confestim
1353 1577 1438 1644 Pan·

418 1699 577 1768 datariam
600 1713 634 1766 et
650 1698 804 1782 Pontias,
820 1695 861 1764 ad
878 1693 1119 1764 transferendos
1136 1694 1250 1762 matris
1268 1691 1439 1786 fratrisque

418 1819 560 1900 cineres,
577 1816 760 1896 festinavit,
777 1827 968 1907 tempesta-te
983 1812 1131 1900 turbida,
1143 1837 1210 1905 quo
1223 1813 1325 1907 magis
1339 1812 1439 1906 pietas

418 1939 594 2004 emineret:
611 1935 755 2027 adiitque
772 1931 1040 2018 venerabundus,
1055 1956 1093 2000 ac
1107 1956 1165 2024 per
1176 1945 1278 2000 semet
1292 1931 1325 1998 in
1342 1955 1440 2000 urnas

419 2053 577 2122 condidit.
593 2055 665 2122 Nec
687 2053 814 2120 minore
834 2075 930 2119 scena
948 2039 1091 2138 Ostiam,
1109 2049 1243 2142 praefixo
1260 2050 1293 2116 in
1309 2049 1440 2118 biremis

419 2197 531 2266 puppe
556 2170 693 2252 vexillo,
716 2184 748 2238 et
774 2169 849 2238 inde
872 2173 1014 2242 Romam
1035 2167 1145 2238 Tiberi
1168 2168 1359 2253 subvectos,
1384 2193 1441 2262 per

420 2291 718 2384 splendidissimum
737 2313 899 2382 quemque
924 2289 1082 2381 equestris
1105 2285 1249 2372 ordinis,
1272 2286 1381 2356 medio
1404 2312 1441 2356 ac

418 2410 581 2502 frequenti
612 2408 663 2477 die
689 2408 819 2478 duobus
844 2405 978 2476 ferculis
1004 2404 1170 2476 mausoleo
1196 2403 1336 2474 intulit:
1360 2405 1440 2474 infe-

420 2531 554 2622 riasque
572 2529 623 2596 his
640 2551 749 2596 annua
766 2525 923 2620 religione
941 2523 1071 2619 publice
1086 2525 1250 2594 instituit:
1266 2539 1298 2592 et
1317 2549 1357 2592 eo
1373 2549 1443 2594 am·

419 2646 504 2740 plius
531 2647 628 2716 matri
652 2649 840 2732 Circenses,
865 2659 1142 2740 carpentumque,
1162 2669 1230 2736 quo
1259 2645 1294 2712 in
1320 2667 1444 2738 pompa

419 2765 653 2836 traduceretur.
673 2768 714 2836 At
739 2765 773 2832 in
791 2763 984 2834 memoriam
1001 2762 1102 2855 patris
1118 2763 1335 2856 septembrem
1354 2787 1444 2832 men·

419 2911 487 2958 sem
509 2886 743 2956 Germanicum
767 2881 953 2977 appellavit.
979 2885 1056 2950 Post
1082 2883 1151 2952 haec
1175 2881 1324 2952 Antoniae
1342 2883 1444 2967 ariae,

420 3003 576 3097 quicquid
592 3027 737 3095 unquam
750 3003 844 3072 Livia
859 3005 1008 3094 Augusta
1022 3001 1186 3070 honorum
1203 3003 1356 3094 cepisset,
1375 3025 1444 3070 uno

420 3120 700 3192 senatusconsulto
719 3121 892 3214 congessit.
914 3124 1073 3190 Patruum
1089 3117 1285 3207 Claudium,
1299 3120 1446 3213 equitem

421 3261 593 3308 romanum
622 3239 664 3308 ad
690 3239 724 3308 id
750 3254 901 3334 tempus,
930 3237 1087 3334 collegam
1118 3239 1178 3308 sibi
1207 3240 1242 3308 in
1268 3237 1447 3308 consulatu

419 3359 581 3428 assumsit.
603 3363 748 3428 Fratrem
766 3358 934 3427 Tiberium
957 3357 1010 3426 die
1030 3357 1133 3426 virilis
1152 3351 1449 3453 togre'adoptavit,

413 3471 662 3572 'appellavitque
675 3477 858 3574 principem
870 3477 1063 3565 Iuventutis.
1080 3479 1132 3546 De
1147 3477 1313 3546 sororibus
1328 3491 1450 3546 auctor

419 3596 505 3682 suit,
532 3611 570 3664 ut
598 3597 748 3666 omnibus
775 3597 984 3666 sacramentis
1014 3597 1229 3690 adjiceretur,
1253 3599 1372 3692 Neque
1397 3621 1452 3666 mc

415 3715 601 3808 liberosque
627 3705 717 3786 meos
742 3719 888 3787 cariores
904 3715 1045 3802 habebo,
1073 3741 1174 3812 quam
1199 3717 1315 3786 Caium
1341 3714 1453 3786 tabeo

422 3850 454 3906 et
485 3859 614 3906 sorores
637 3834 728 3925 ejus3
759 3837 837 3906 item
867 3835 1080 3906 relationibus
1107 3833 1312 3904 consulum:
1345 3833 1459 3926 Quod

418 3932 545 4026 ¹imnum
556 3955 715 4048 felixque
734 3957 777 4024 sit
799 3957 835 4025 0.
857 3953 988 4045 Crescri
1012 3953 1246 4051 sororibusque
1265 3953 1350 4043 eJ'us.
1373 3954 1456 4024 Pari

426 4074 642 4168 popularitate
672 4074 842 4144 damnatos
872 4073 1097 4168 relegatasque
1129 4075 1272 4144 restituit
1300 4099 1308 4142 :
1335 4075 1457 4144 crimi-
