3098 5446
417 457 453 516 ss
517 435 520 442 ’
828 457 858 513 c.
881 457 1060 514 sunroun

416 583 531 679 stirpis
558 581 729 676 antique,
761 581 830 650 sive
850 579 1015 677 pudendis
1034 579 1229 676 parentibus
1250 595 1350 675 atque
1366 581 1444 668 aris,

420 728 519 798 eques
546 717 637 774 certe
664 726 847 790 mmanus,
873 717 907 773 et
934 723 1046 772 rerum
1068 702 1210 798 Augusti
1239 714 1444 797 procurator,

417 838 563 918 quatuor
579 821 666 892 filios
681 821 891 920 amplissime
907 823 1080 920 dignitatis
1094 829 1326 920 cognomines,
1340 846 1378 891 ac
1388 836 1447 890 tan·

419 960 491 1014 tum
510 944 771 1039 praenominibus
790 943 984 1032 distinctos,
1005 942 1159 1037 reliquit,
1187 941 1326 1031 Aulum,
1347 942 1446 1032 Quin·

418 1079 507 1152 tum,
522 1061 695 1149 Publium,
713 1063 867 1133 Lucium.
883 1060 991 1134 Aulus
1004 1063 1039 1132 in
1055 1060 1230 1132 consulatu
1247 1063 1346 1150 obiit,
1361 1087 1449 1156 quem

418 1205 495 1255 cum
515 1185 683 1272 Domitio,
702 1184 847 1254 Neronis
863 1185 1002 1255 cesarn
1021 1198 1133 1280 patre,
1154 1185 1296 1253 inierat:
1314 1183 1449 1278 praelan·

419 1321 473 1376 tut
495 1302 643 1400 alioqui,
662 1303 874 1402 famosusque
888 1327 1059 1376 coenarum
1076 1304 1335 1400 magnificentia.
1352 1306 1451 1395 Quin·

419 1441 473 1496 tus
492 1427 600 1496 caruit
618 1425 755 1515 ordine,
775 1449 880 1521 quum
902 1442 1041 1496 anctore
1056 1425 1191 1495 Tiberio
1207 1426 1334 1494 secerni
1353 1425 1452 1493 minus

420 1542 557 1614 idoneos
575 1559 746 1616 senatores
760 1549 988 1641 removerique
1005 1544 1192 1641 placuisset.
1203 1542 1359 1632 Publius,
1374 1545 1451 1615 Ger-

418 1665 538 1734 manici
550 1688 677 1755 comes,
693 1663 757 1736 Cn.
772 1667 950 1754 Pisonem,
968 1666 1140 1736 inimicum
1160 1679 1195 1734 et
1214 1663 1451 1733 interfectorem
1542 1709 1543 1736 l

417 1786 505 1881 ejus,
528 1787 698 1856 accusavit
721 1783 1020 1881 condemnaritque
1041 1812 1049 1855 :
1073 1767 1112 1856 ac
1129 1799 1205 1881 post
1228 1799 1382 1878 preturae
1398 1785 1451 1852 bo·

418 1925 531 1975 norem
557 1907 646 1975 iuter
673 1907 785 2000 Sejani
810 1909 960 1977 conscios
977 1921 1147 2002 arreptus,
1165 1919 1199 1975 et
1222 1906 1256 1974 ln
1275 1905 1452 1974 custodiam

417 2025 513 2096 fratri
530 2025 643 2115 datus,
658 2024 789 2121 scalpro
803 2025 940 2096 librario
956 2047 1058 2098 venus
1077 2025 1140 2096 sibi
1161 2023 1302 2094 incidit:
1317 2040 1451 2094 nectam
1542 2097 1543 2124 ἒ

420 2145 535 2214 mortis
548 2146 757 2240 poenitentia,
771 2171 874 2241 quam
899 2153 1037 2216 suorum
1057 2145 1297 2248 obtestatione,
1320 2135 1453 2241 obligari

410 2264 598 2359 ¹curarique
621 2289 815 2360 septimus,
837 2268 872 2336 in
899 2263 1014 2337 eadlm
1036 2265 1187 2336 custodia
1213 2266 1333 2336 morbo
1351 2266 1452 2361 periit.

417 2383 545 2454 Lucius
558 2410 599 2455 ex
610 2381 787 2456 consulatu
806 2387 909 2481 Syriae
923 2389 1138 2482 prepositus,
1155 2387 1366 2458 Artabanum
1383 2389 1455 2455 Par·

419 2503 554 2574 thorum
586 2529 697 2602 regem
724 2508 863 2577 summis
891 2508 1035 2593 artibus,
1059 2531 1127 2576 non
1159 2507 1260 2577 modo
1288 2506 1331 2576 ad
1358 2505 1454 2576 collo-

418 2626 533 2719 quium
552 2651 667 2716 suum,
691 2626 869 2696 sedetiam
896 2626 938 2696 nd
970 2625 1159 2718 venerande
1177 2625 1347 2722 legionum
1368 2629 1457 2721 signa
1542 2691 1543 2724 ,

418 2743 562 2838 pellexit.
579 2749 661 2818 Mox
678 2772 756 2816 cum
774 2747 917 2818 Claudio
932 2749 1100 2844 principe,
1118 2747 1202 2817 duos
1218 2749 1357 2843 insuper
1375 2747 1460 2817 ordi·
1542 2729 1543 2766 ³

422 2868 533 2936 uarios
559 2865 769 2955 consulatus,
790 2892 1034 2962 censuramque
1053 2870 1163 2963 gessit.
1185 2871 1311 2938 Curam
1330 2888 1461 2962 quoque

419 2989 547 3082 imperii
571 2989 745 3072 sustinuit,
772 2986 907 3058 absente
932 3013 992 3074 eo,
1014 2989 1223 3084 expeditione
1247 2989 1461 3059 britannica:
1542 2997 1543 3078 Ῑ

418 3107 468 3174 vir
484 3106 675 3197 innocens,
684 3124 718 3177 et
735 3107 933 3196 industrius,
950 3108 1007 3179 sed
1032 3131 1144 3179 amore
1166 3108 1328 3180 tibenine
1346 3111 1463 3204 perin-

417 3225 532 3314 famis,
562 3230 656 3321 cujus
686 3229 787 3298 etiam
815 3227 926 3298 salivis
954 3227 1051 3298 melle
1080 3231 1283 3318 commixtis,
1308 3255 1350 3300 ne
1377 3229 1466 3300 clam
1542 3243 1543 3304 i

416 3345 551 3439 quidem
579 3361 638 3416 aut
666 3373 759 3435 raro,
793 3347 858 3418 scd
884 3343 1034 3444 quotidie
1053 3373 1092 3419 ec
1110 3348 1243 3446 palam,
1270 3367 1409 3420 arterias
1425 3367 1466 3420 et
1542 3329 1543 3364 ³

418 3465 527 3538 rences
544 3492 605 3562 pro
623 3468 769 3540 remedio
787 3470 929 3540 fovebat.
949 3470 1042 3541 Idem
1060 3473 1136 3540 miri
1164 3473 1198 3540 in
1220 3469 1392 3540 adulando
1407 3472 1467 3538 in-

417 3589 524 3681 genii,
546 3589 675 3683 primus
702 3593 740 3660 C.
759 3593 922 3661 Cursarem
950 3590 1089 3661 adorare
1110 3607 1148 3660 ut
1167 3589 1266 3661 deum
1288 3592 1471 3678 instituit;

417 3714 522 3801 q'uurn
550 3733 702 3778 reversus
720 3735 760 3780 ex
779 3713 873 3806 Syria
899 3735 978 3781 uon.
993 3711 1090 3782 aliter
1109 3713 1201 3782 adire
1221 3735 1323 3781 ausus
1347 3725 1443 3782 esset
1462 3763 1473 3799 ,

416 3853 515 3921 quam
539 3831 648 3922 capite
675 3827 799 3915 velato,
822 3833 1149 3926 circumuertensque
1167 3855 1218 3919 se,
1239 3830 1362 3901 deiude
1380 3855 1473 3925 pro-

417 3947 586 4018 cumbens.
605 3946 803 4038 Claudium,
820 3953 978 4022 uxoribus
996 3950 1191 4047 libertisque
1209 3951 1402 4036 addictum,
1424 3977 1474 4022 ue
1542 4025 1543 4042 ,

418 4094 482 4161 qna
504 4095 569 4138 non
589 4085 660 4140 arte
679 4070 916 4156 demereretur,
936 4099 999 4169 pro
1014 4077 1158 4142 maximo
1178 4096 1317 4144 munere
1333 4098 1351 4142 a
1366 4075 1475 4144 Mes·
1542 4067 1543 4080 ¹
