3114 5446
485 530 686 588 CALIGULA.
1050 549 1103 602 ¹77

85 653 221 724 Tiberius
250 667 388 748 propter
418 653 584 725 assiduam
613 669 648 723 et
674 656 959 748 ingravescentem
986 656 1103 724 tussim

84 772 311 842 medicamento
335 797 416 842 usus
436 787 531 842 esset.
552 775 639 842 Nam
659 771 837 843 Claudium
858 785 1014 866 patruum
1034 797 1103 842 non

84 892 132 960 nisi
149 891 185 960 in
204 889 387 960 ludibrium
405 892 593 960 reservavit.

122 1014 244 1080 XXIV.
262 1011 350 1079 Cum
365 1009 521 1079 omuibus
535 1010 704 1079 sororibus
720 1010 791 1078 suis·
801 1011 908 1102 stupri
924 1024 1103 1080 consuetu·

86 1130 180 1198 dinem
192 1128 272 1198 fecit
284 1155 292 1196 :
304 1127 470 1222 plenoque
482 1129 637 1196 convivio
651 1126 797 1222 singulas
809 1127 895 1197 infra
909 1153 944 1196 se
960 1129 1105 1196 vicissim

85 1247 273 1336 collocabat,
292 1271 395 1316 uxore
413 1269 513 1339 supra
537 1246 690 1315 cubante.
711 1249 762 1316 Ex
781 1247 833 1314 his
855 1244 1037 1316 Drusillam
1055 1248 1105 1314 vi-

86 1367 165 1434 tiasse
174 1367 356 1460 virginem,
368 1379 577 1458 praetextatus
588 1364 713 1452 adhuc,
723 1363 881 1453 creditur,
894 1378 993 1456 atque
1004 1366 1105 1434 etiam

84 1487 112 1552 iu
122 1465 297 1553 cuncubitu
309 1485 380 1576 ejus
390 1483 558 1576 quondam
568 1483 792 1579 deprehensus
803 1485 843 1552 ab
852 1486 998 1554 Antonia
1014 1486 1105 1574 avia,

85 1603 159 1694 apud
177 1627 280 1696 quam
296 1601 393 1672 simul
412 1602 648 1672 educabantur.
663 1606 746 1672 Mox
762 1604 867 1672 Lucio
883 1605 995 1672 Cassio
1013 1607 1105 1672 Lon-

84 1723 150 1812 gino
164 1719 333 1790 consulari
352 1720 546 1791 collocatam
570 1717 730 1808 abduxit,
748 1737 782 1790 et
803 1724 836 1790 iu
855 1722 993 1790 modum
1007 1723 1104 1814 justae

84 1841 181 1908 uxoris
197 1837 372 1935 propalam
391 1841 519 1910 habuit.
537 1841 700 1910 Heredem
719 1866 851 1934 quoque
870 1823 1103 1912 bonorumet-

83 1980 138 2047 que
159 1959 291 2053 imperii
315 1983 401 2052 aeger
418 1960 571 2028 instituit.
591 1957 715 2034 Eadem
739 1959 914 2046 defuncta,
937 1961 1103 2053 justitium

82 2075 210 2145 indixit:
225 2080 261 2144 in
275 2103 342 2170 quo
354 2078 481 2164 risisse,
495 2077 628 2162 lavisse,
641 2103 786 2148 coenasse
801 2103 878 2148 cum
892 2081 1104 2172 parentibus,

82 2209 132 2262 aut
150 2198 293 2291 conjuge
318 2195 488 2284 liberisue,
511 2196 632 2291 capital
653 2197 725 2266 fuit.
750 2202 799 2268 Ac
820 2200 973 2266 moeroris
997 2200 1104 2292 impa-

80 2312 181 2398 tiens,
209 2340 316 2408 quum
343 2331 479 2409 repente
504 2331 672 2409 noctuque
699 2313 897 2412 profugisset
923 2320 964 2386 ab
990 2319 1106 2405 Urbe,

79 2437 428 2530 transcucurrissetque
446 2437 679 2529 Campaniam,
698 2439 873 2530 Syracusas
895 2437 1010 2529 petiit,
1029 2461 1104 2504 rur·

80 2573 193 2644 susque
213 2553 294 2621 inde
311 2577 453 2648 propere
472 2555 590 2643 rediit,
609 2554 712 2623 barba
727 2553 912 2648 capilloque
930 2557 1103 2648 promisso.

77 2671 144 2738 Nec
165 2696 317 2764 unquam
341 2688 455 2766 postea
480 2675 743 2767 quantiscunque
769 2674 952 2762 derebus,
975 2699 1016 2740 ne
1040 2699 1103 2767 pro

77 2791 236 2859 concione
258 2790 393 2884 quidem
418 2790 552 2886 populi,
574 2807 633 2860 aut
655 2792 744 2885 apud
766 2791 907 2879 milites,
931 2793 995 2860 nisi
1015 2821 1032 2856 a
1049 2817 1109 2884 per

75 2931 198 2978 nuncu
214 2908 372 2979 Drusilla
385 2939 402 2974 s
417 2911 585 3006 dejeravit.
607 2910 765 3004 Reliquas
782 2935 911 2979 sorores
930 2935 991 2979 uec
1012 2913 1107 3003 cupi-

74 3024 174 3095 ditate
195 3043 309 3114 tanta,
329 3053 391 3098 uec
411 3030 603 3123 dignatione
620 3029 754 3118 dilexit,
771 3044 807 3097 ut
825 3054 907 3122 quas
925 3054 1010 3123 saepe
1030 3054 1109 3098 eao-

74 3145 143 3216 letis
161 3149 233 3216 suis
252 3151 480 3243 prostraverit.
500 3151 578 3237 Quo
594 3148 721 3218 facilius
740 3173 795 3218 aas
813 3150 848 3217 iu
866 3173 965 3224 causa
984 3149 1108 3218 AEmilii

72 3269 192 3359 lepidi
211 3268 464 3357 condemnavit,
478 3270 572 3361 quasi
591 3267 773 3355 adulteras,
792 3283 824 3336 et
839 3269 1034 3339 insidiarum
1054 3267 1111 3336 ad-

71 3409 187 3455 versus
205 3412 240 3455 se
254 3389 412 3456 conscias.
428 3390 501 3458 Nec
516 3386 624 3456 solum
640 3387 860 3481 chirographa
877 3388 1043 3471 omnium,
1059 3411 1111 3454 re·

71 3508 195 3598 quisita
213 3503 330 3576 fraude
345 3531 384 3575 ac
399 3511 533 3602 stupro,
550 3505 745 3600 divulgavit,
763 3507 820 3574 sed
834 3521 867 3576 et
877 3521 950 3574 tros
967 3504 1112 3599 gladios,

69 3627 103 3694 in
118 3651 241 3694 necem
254 3651 346 3694 suam
365 3642 579 3720 praeparatos,
595 3628 696 3696 Marti
710 3625 841 3713 Ultori,
854 3624 967 3694 addito
981 3622 1111 3718 elogio,

64 3751 292 3818 comecravit.

113 3871 235 3938 XXV.
256 3869 473 3940 Matrimonia
489 3868 691 3938 contraxerit
705 3869 853 3960 turpius,
869 3890 911 3936 au
932 3865 1112 3953 dimiserit,

64 4013 106 4056 an
123 3989 283 4056 tenuerit
292 4041 303 4074 ,
312 4013 381 4058 nou
391 4003 440 4056 est
453 3987 548 4058 facile
561 3987 756 4056 discernere.
768 3988 897 4054 Liviam
906 3982 1112 4070 Orestillam,

65 4111 99 4175 C
118 4110 249 4204 Pisoni
263 4108 459 4193 nubentem,
474 4133 577 4200 quum
596 4106 637 4175 ad
654 4106 799 4175 officium
817 4107 936 4198 etipse
953 4105 1113 4184 venisset,

229 4251 254 4294 r.
927 4247 966 4292 12
