3114 5446
512 471 710 528 CLAUDIUS.
1071 485 1128 542 ²⁰9

93 614 129 668 et
144 599 207 670 boc
221 595 383 694 amplius,
402 597 490 692 patri
504 596 666 666 circenses
685 617 813 664 annuos
825 592 927 664 natali
945 591 1015 684 die3
1029 597 1128 668 matri

68 777 70 784 .
103 733 307 814 carpentum,
329 741 397 810 quo
427 741 488 812 per
510 716 645 786 Circum
668 714 861 802 duceretur,
886 729 920 784 et
943 739 1128 811 cognomen

42 871 45 878 ’
103 841 271 933 Augustae,
293 835 336 937 ab
362 839 438 906 vira
464 847 660 936 recusatum.
691 832 744 905 Ad
772 831 882 903 fratris
915 837 1128 925 memoriam,

102 982 152 1051 per
171 982 307 1052 omnem
325 956 532 1028 occasionem
555 951 770 1040 celebratam,
787 951 980 1024 comoediam
995 980 1129 1051 quoque

103 1101 232 1170 grecam
251 1074 463 1171 neapolitano
492 1073 669 1144 certamine
691 1072 820 1160 docuit,
841 1097 880 1143 ac
902 1071 944 1142 de
965 1075 1129 1146 sententia

100 1195 241 1288 judicum
268 1195 522 1265 coronarium
544 1197 696 1264 Marcum
713 1191 847 1287 quidem
867 1194 1049 1263 Antonium
1074 1195 1127 1264 in-

102 1314 297 1384 honoratum
317 1339 356 1384 ac
377 1315 447 1384 sine
465 1327 559 1408 grata
583 1312 750 1384 mentione
766 1313 964 1400 transmisit,
991 1327 1128 1384 testatus

102 1434 264 1528 quondam
281 1459 343 1530 per
362 1433 522 1520 edictum,
540 1435 674 1502 «Tanto
690 1433 869 1526 impensius
888 1445 999 1526 petere
1016 1459 1069 1522 se,
1091 1449 1130 1504 ut

104 1553 239 1624 natalem
249 1555 356 1648 patris
369 1553 469 1623 Drusi
487 1550 708 1639 celebrarent,
727 1551 818 1646 quod
832 1551 918 1622 idem
933 1568 1018 1622 esset
1031 1569 1064 1624 et
1074 1554 1129 1622 avi

101 1674 142 1741 sui
158 1673 336 1744 Antonii.»
351 1672 485 1740 Tiberio
500 1695 722 1740 marmoreum
740 1695 853 1740 arcum
869 1672 964 1765 juxta
979 1674 1128 1768 Pompeii

102 1793 281 1876 theatrum,
294 1790 460 1860 decretum
476 1789 609 1884 quidem
619 1787 729 1858 olima
747 1804 883 1879 senatu,
900 1816 1016 1862 verum
1031 1794 1129 1862 omis·

102 1935 183 2000 sum,
198 1911 340 2006 peregit.
359 1911 432 1982 Caii
445 1934 577 2004 quoque
590 1911 650 1978 etsi
666 1923 739 1980 acta
753 1911 865 1978 omnia
884 1911 1027 2000 rescidit,
1039 1911 1128 1982 diem

100 2044 201 2100 umen
225 2031 331 2114 necis,
352 2030 503 2122 quamvis
520 2028 692 2098 exordium
713 2030 917 2125 principatus
934 2031 1005 2120 sui,
1023 2033 1130 2102 vetuit

102 2150 181 2220 inter
199 2149 303 2219 festos
315 2149 440 2236 referri.

142 2273 218 2340 xla
240 2272 287 2340 At
301 2269 336 2338 in
351 2283 455 2361 semet
481 2267 634 2364 augendo
653 2293 773 2364 pareus
791 2284 890 2364 atque
906 2271 1031 2360 civilis,
1047 2296 1127 2366 prae·

100 2390 231 2458 nomine
246 2388 457 2484 imperaton's
471 2387 645 2474 abstinuit,
660 2389 778 2458 nimios
792 2389 934 2458 honores
951 2393 1128 2475 recusavit,

100 2505 264 2601 sponsalia
292 2506 381 2596 liliae,
407 2505 614 2601 natalemque
642 2509 743 2604 geniti
767 2509 897 2602 nepotis
921 2506 1068 2596 silentio,
1090 2535 1130 2578 ac

100 2640 227 2698 tautum
249 2626 428 2698 domestica
453 2625 628 2721 religione,
657 2629 825 2722 transegit.
844 2630 1020 2699 Neminem
1036 2653 1132 2698 exsu-

99 2742 182 2836 lum,
207 2747 337 2816 nisiex
357 2761 490 2816 senatus
515 2747 727 2834 auctoritate,
751 2747 902 2816 restituit.
929 2749 978 2816 Ut
1006 2747 1069 2816 sibi
1096 2749 1129 2815 in

99 2867 236 2935 Curiam
254 2865 446 2960 praelectum
462 2865 606 2960 praetorii
624 2866 840 2959 tribunosque
856 2865 999 2937 militum
1017 2891 1130 2938 secum

98 2985 256 3056 inducere
281 2983 410 3074 liceret,
437 2999 540 3078 utque
567 2999 639 3055 rata
666 2999 789 3072 essent,
808 3010 882 3079 quae
903 3001 1133 3080 procuratores

97 3107 146 3174 sui
165 3107 201 3174 in
214 3103 400 3198 judicando
416 3117 613 3194 statuerent,
628 3105 779 3199 precario
797 3106 914 3200 exegit.
932 3109 990 3176 Jus
1010 3105 1132 3175 nundi·

98 3249 217 3294 narum
236 3225 272 3294 iu
290 3225 419 3318 privata
446 3225 569 3318 praedia
585 3249 604 3293 a
624 3223 814 3294 consulibus
833 3225 948 3319 petiit:
968 3227 1132 3320 coguitio-

97 3345 195 3414 uibus
213 3345 486 3440 magistratuum,
514 3359 554 3412 ut
574 3369 660 3414 uuus
680 3371 699 3414 e
717 3344 925 3434 consiliariis,
945 3345 1133 3440 frequenter

97 3465 260 3534 interluit.
287 3463 450 3551 Easdem,
474 3459 660 3572 spectacula
678 3463 824 3552 edentes,
843 3490 981 3560 surgens
1005 3480 1039 3534 et
1065 3466 1134 3560 ipse

96 3607 177 3652 cum
201 3599 313 3652 cetera
339 3583 451 3672 turba,
464 3607 546 3653 voce
572 3608 612 3652 ac
629 3608 729 3652 manu
749 3599 921 3654 veneratus
939 3599 996 3654 est.
1015 3583 1135 3652 Tribu-

95 3705 153 3770 nis
170 3701 279 3798 plebis
302 3701 498 3784 adeuntibus
518 3728 552 3772 se
570 3728 632 3798 pro
655 3701 812 3773 tribunali
833 3706 1015 3787 excusavit,
1045 3703 1135 3797 quod

96 3837 241 3918 propter
265 3823 434 3917 augustias
462 3847 530 3892 non
558 3838 669 3916 posset
697 3822 811 3893 audire
831 3847 903 3912 eos,
920 3825 982 3892 nisi
1000 3837 1133 3892 stantes.

93 3942 217 4030 Quare
242 3943 278 4010 iu
306 3942 399 4010 brevi
423 3943 528 4035 spatio
555 3956 685 4012 tantum
713 3943 834 4012 amoris
857 3943 1042 4034 furorisque
1066 3940 1135 4010 col-

94 4058 205 4154 legit,
223 4075 281 4146 ut,
299 4085 404 4154 quum
421 4059 605 4155 profectum
628 4087 704 4138 cum
729 4064 857 4132 Ostiam
873 4061 1007 4156 periisse
1025 4087 1065 4131 ex
1082 4063 1134 4129 in·-

252 4203 289 4262 1·.
951 4186 990 4266 ¹4
