3168 5440
398 559 434 619 ut
809 558 840 614 C.
863 561 1041 616 sutt'routt

399 683 612 780 perfunctum
632 681 767 773 litteris,
792 684 847 754 sed
880 686 1091 754 imbutum.»
1112 687 1250 754 Veteres
1274 709 1436 778 gramma·

399 805 456 874 tici
485 818 518 873 et
543 804 742 874 rhetoricam
757 803 926 874 ‘docebant
947 831 955 872 :
977 830 1015 874 ac
1036 803 1219 874 multorum
1240 804 1282 873 de
1302 819 1439 897 utraque

401 939 473 994 arte
492 925 725 994 commentarii
747 924 910 995 seruntur.
935 925 1125 995 Secundum
1144 951 1245 1018 quam
1264 941 1439 994 consuetu-

398 1045 514 1114 dinem
533 1047 731 1139 posteriores
746 1071 880 1139 quoque
898 1047 1073 1128 existimo,
1092 1071 1294 1139 quamquam
1306 1046 1375 1137 jam
1393 1043 1441 1111 di·

399 1168 515 1236 scretis
534 1164 831 1259 professionibus,
845 1164 1064 1234 nihilominus
1085 1163 1137 1234 vel
1166 1166 1364 1264 retinuisse,
1391 1163 1441 1232 vel

401 1287 586 1356 instituisse
600 1301 633 1355 et
645 1287 735 1380 ipsos
749 1285 900 1378 quaedam
917 1311 1039 1380 genera
1055 1287 1304 1355 institutionum
1319 1285 1362 1354 ad
1378 1283 1442 1354 elo-

399 1409 571 1500 quentiam
598 1406 870 1501 preparandus,
897 1421 934 1475 ut
953 1404 1180 1500 problemata,
1206 1406 1442 1501 paraphrases,

399 1526 637 1616 allocutiones,
654 1526 857 1624 ethologiae,
880 1543 981 1621 atque
1002 1527 1067 1596 alia
1092 1529 1154 1597 hoc
1175 1553 1295 1622 genus3
1316 1552 1360 1598 ne
1381 1530 1442 1598 sci·

401 1647 477 1718 licet
499 1651 578 1719 sicci
602 1651 741 1718 omnino
765 1664 866 1742 atque
891 1647 976 1718 aridi
1003 1650 1098 1743 pueri
1118 1649 1310 1717 rhetoribus
1332 1647 1443 1718 trade·

401 1785 541 1838 rentur:
560 1794 634 1862 quae
650 1768 784 1863 quidem
797 1770 906 1838 omitti
922 1770 991 1862 jam
1012 1767 1124 1857 video,
1143 1767 1269 1838 desidia
1287 1793 1446 1862 quorum·

404 1889 479 1958 dam
503 1903 536 1958 et
556 1889 716 1970 infantia;
734 1913 801 1958 non
827 1890 915 1958 enim
933 1888 1067 1958 fastidio
1087 1903 1214 1983 putem.
1235 1893 1293 1958 Me
1313 1889 1443 1983 quidem

402 2008 666 2098 adolescentulo,
694 2025 826 2104 repeto,
856 2009 1054 2103 quemdam,
1075 2011 1266 2104 Principem
1291 2013 1443 2096 nomine,

402 2130 539 2200 alternis
559 2130 677 2198 diebus
692 2129 897 2216 declamare,
915 2128 1051 2199 alternis
1071 2130 1257 2226 disputare,
1278 2128 1444 2200 nonnullis

404 2276 483 2320 vero
509 2273 607 2318 mane
629 2247 806 2338 disserere,
831 2267 907 2345 post
927 2251 1119 2337 meridiem,
1145 2267 1275 2322 remoto
1298 2249 1443 2347 pulpito,

406 2369 592 2440 declamare
617 2368 765 2440 solitum.
786 2371 975 2440 Audiebam
997 2373 1097 2440 etiam
1116 2375 1277 2442 memoria
1296 2388 1443 2468 patrum,

404 2490 568 2585 quosdam
595 2515 613 2560 e
630 2493 838 2586 grammatici
860 2493 971 2561 statim
994 2490 1073 2560 ludo
1093 2493 1247 2562 transisse
1265 2495 1299 2561 in
1320 2493 1443 2579 sorum,

406 2625 507 2704 atque
530 2612 565 2678 in
588 2636 764 2680 numerum
786 2613 1135 2705 praestantissimorum
1160 2628 1377 2706 patronorum
1394 2639 1443 2680 re·

404 2747 528 2826 ceptos.
550 2731 640 2802 Clari
660 2731 886 2826 professores,
906 2747 939 2800 et
957 2732 999 2800 de
1017 2733 1137 2825 quibus
1155 2732 1251 2827 prodi
1270 2735 1374 2828 possit
1389 2731 1443 2801 ali·

404 2851 486 2945 quid
504 2852 668 2921 duntaxat
686 2877 706 2920 a
727 2853 843 2940 nobis,
866 2851 933 2922 scre
953 2851 986 2920 hi
1006 2852 1151 2920 fuerunt.

453 2977 495 3042 V.
516 2975 640 3042 Saevius
655 2973 804 3044 Nicanor
818 2975 945 3067 primus
960 2972 1002 3042 ad
1017 2972 1137 3042 famam
1157 2972 1446 3068 dignationemque

405 3092 556 3162 docendo
574 3095 725 3187 pervenit
745 3119 753 3162 ε
773 3095 915 3187 fecitque
935 3109 1054 3188 praeter
1069 3097 1344 3184 commentarios,
1362 3121 1445 3190 quo-

405 3237 480 3280 rum
498 3227 610 3280 tamen
625 3237 702 3306 pars
713 3215 857 3282 maxima
873 3215 1053 3308 intercepta
1067 3213 1202 3301 dicitur,
1215 3219 1351 3286 satiram
1365 3241 1446 3308 qno-

406 3357 489 3426 que;
508 3334 542 3400 in
562 3357 628 3426 qua
649 3332 843 3402 libertinum
862 3358 916 3421 se,
937 3359 976 3403 ac
994 3333 1120 3428 duplici
1142 3339 1341 3430 cognomine
1360 3359 1451 3421 esse,

405 3479 465 3549 per
484 3454 548 3523 hoc
566 3455 691 3525 iudicat
711 3482 719 3524 ε

523 3646 629 3703 Sarius
648 3646 771 3702 Nicanor
785 3647 876 3704 Marci
891 3648 1012 3704 libertus
1026 3650 1159 3724 negabit,

523 3739 629 3795 Saevius
649 3739 809 3796 Postumius
828 3740 922 3812 idcm3
943 3751 972 3798 at
987 3745 1100 3798 Marcus
1121 3743 1246 3799 docebit.

403 3875 509 4012 'scum’
524 3923 582 4017 qui
605 3923 738 3994 tradant
748 3977 758 4014 ,
776 3927 823 3994 ¹ob
842 3927 1010 3996 infamiam
1026 3927 1203 4021 quamdam
1225 3952 1302 3997 eum
1321 3929 1354 3995 in
1370 3927 1465 3996 Sar-

406 4043 531 4112 diniam
548 4047 734 4134 secessisse,
753 4047 867 4140 ibique
887 4047 975 4116 diem
996 4049 1128 4118 obiisse.

454 4165 514 4233 vl.
552 4165 706 4237 Aurelius
736 4165 886 4260 Opilius,
916 4169 1060 4263 epicurei
1089 4170 1264 4264 cujusdam
1292 4167 1471 4256 libertus,
