3138 5438
366 563 554 620 OCTAVIUS
574 565 779 622 AUGUSTUS.
1065 563 1101 619 53

112 706 138 758 ut
150 703 207 782 post
221 689 434 781 paucissimas
451 689 557 756 noctis
573 689 671 757 horas
690 690 881 758 exturbatus
901 690 977 756 inde
993 691 1099 759 subita

114 809 135 874 vi
150 822 175 876 et
189 810 318 893 inemta,
344 831 436 900 pune
459 808 656 877 semianimis
683 828 758 876 cum
779 823 883 877 struto
905 807 1002 877 simul
1026 824 1102 878 ante

113 927 174 994 iores
188 928 394 995 inveniretur.

147 1047 202 1112 Vll.
223 1045 345 1114 Infanti
361 1071 545 1140 cognomen
565 1049 713 1121 Thun'no
734 1048 877 1116 inditum
895 1063 963 1134 est,
981 1049 1014 1116 in
1034 1075 1102 1116 me-

113 1164 216 1232 ntrian
235 1165 400 1258 majorum
422 1167 580 1259 originis;
599 1165 651 1234 vel
671 1166 761 1259 quod
781 1156 916 1261 regione
935 1165 1102 1254 Thurina,

111 1307 194 1350 ruens
210 1308 244 1351 so
265 1297 365 1370 nato,
386 1299 480 1377 pater
497 1287 657 1356 Octavius
678 1282 835 1353 adversus
857 1285 1012 1378 fugitivos
1033 1309 1103 1352 rem

110 1425 230 1492 prospere
245 1416 400 1497 gesserat.
415 1403 602 1476 Thurinum
625 1405 896 1496 cognominatum
920 1405 995 1472 satis
1017 1417 1104 1471 certa

110 1519 267 1608 probatione
296 1520 506 1606 tradiderim,
531 1535 648 1588 nactus
674 1522 835 1613 puerilem
861 1521 1103 1615 imagunculam

109 1637 159 1726 ejus
170 1661 278 1708 aream
295 1653 455 1723 veterem,
473 1640 586 1706 ferreis
602 1663 641 1707 ac
657 1663 748 1730 paene
760 1641 830 1732 jam
845 1638 1104 1709 exolescentibus

108 1755 210 1843 litteris,
227 1757 293 1825 boc
315 1759 448 1826 nomine
466 1759 676 1850 inscriptam3
697 1783 769 1849 quae
783 1752 879 1826 'dono
900 1783 920 1826 a
940 1783 993 1827 me
1013 1761 1104 1852 prin-

105 1875 151 1964 o'pi
164 1875 252 1964 data,
272 1877 361 1946 inter
378 1875 580 1944 cubiculares
604 1873 735 1943 colitur.
758 1877 822 1944 Sed
841 1892 875 1945 et
893 1902 914 1945 a
933 1879 979 1945 Μ.
1001 1879 1104 1947 Anto·

107 1994 147 2059 nio
162 1997 189 2062 in
206 1993 351 2088 epistolis
369 2020 429 2089 per
444 1992 679 2064 contumeliam
701 2018 787 2087 saepe
803 1995 971 2064 Thurinus
990 1996 1105 2089 appel·

105 2111 170 2180 bur
182 2140 188 2180 :
201 2129 231 2184 ct
245 2117 318 2208 ipse
334 2113 415 2184 nibil
434 2094 574 2211 amplius
591 2137 691 2206 quam
708 2115 845 2182 «mirari
864 2137 921 2181 se»
937 2116 1104 2202 rescribit,

103 2257 168 2322 «pro
181 2234 359 2326 opprobrio
376 2235 437 2301 sibi
456 2237 547 2326 prius
563 2258 684 2301 nomen
702 2233 840 2325 objici.»
858 2236 976 2302 Postea
996 2235 1106 2301 Coesa-

105 2351 151 2432 n's,
169 2366 197 2418 et
216 2351 337 2422 deinde
356 2356 509 2446 Augusti
528 2329 711 2446 cognomen
738 2353 913 2443 assumpsit
935 2376 942 2418 :
963 2349 1102 2419 alterum

102 2481 268 2541 tetamento
295 2473 430 2565 majoris
455 2471 632 2557 aminculi;
656 2469 798 2540 alterum
823 2471 966 2538 Munatii
992 2469 1104 2538 Planci

101 2593 234 2659 euentu
258 2619 266 2659 :
294 2615 419 2686 quum,
443 2589 640 2683 quibusdum
669 2589 900 2672 censentibus,
926 2586 1105 2656 Romulum

25 2726 26 2749 ¹
102 2707 230 2799 appellari
251 2725 427 2804 oportere,
444 2712 538 2802 quasi
565 2725 598 2778 et
622 2712 728 2803 ipsum
752 2707 956 2774 conditorem
982 2707 1105 2794 Urbis,

24 2774 26 2898 l
101 2827 315 2916 prevaluisset,
329 2844 367 2896 ut
380 2833 547 2922 Augustus
562 2829 671 2921 potius
686 2840 875 2912 vocaretur,
893 2849 959 2892 non
977 2838 1104 2892 tantum

25 2919 26 2937 Χ
99 2965 179 3032 roro,
194 2949 363 3016 sedetiam
377 2946 536 3040 ampliore
549 2947 746 3040 cognomine
762 2943 876 3040 [quod
891 2942 961 3011 loca
975 2967 1107 3034 quoquc

99 3059 244 3157 religiosa,
264 3083 300 3136 et
322 3069 355 3134 in
375 3069 494 3160 quibus
513 3074 676 3161 augurato
694 3064 774 3158 quid
795 3079 1026 3151 consecratur,
1047 3088 1107 3131 au·

96 3197 171 3270 gusta
186 3185 363 3271 dicuntur,
381 3187 422 3254 ab
440 3202 559 3274 auctu,
577 3186 628 3253 vel
647 3187 688 3253 ab
705 3187 815 3254 avium
835 3197 929 3277 gestu
948 3196 1107 3276 gustuve,

26 3303 27 3312 ’
97 3299 162 3368 sieut
176 3307 275 3374 etiam
294 3307 426 3374 Ennius
443 3306 556 3390 dotet,
575 3305 720 3406 scribens
739 3329 747 3369 ε

25 3261 28 3388 l

26 3449 28 3500 l

140 3495 258 3568 Aussmto
274 3498 397 3571 augurio
414 3507 562 3571 postquam
579 3496 673 3550 inclita
689 3495 803 3550 condita
819 3496 910 3548 Roma
926 3503 967 3548 est
974 3492 991 3566 l

27 3709 28 3746 l
130 3666 209 3734 llll.
220 3667 447 3756 Quadrimus,
460 3684 588 3762 patrem
600 3661 971 3735 amisit:duodecimum
983 3685 1107 3728 aunum

27 3861 28 3865 ,
92 3803 191 3872 lgesss,
211 3791 326 3856 aviam
345 3786 466 3879 Iuliam
484 3787 673 3855 defunctam
693 3809 754 3877 pro
773 3783 931 3850 concione
952 3779 1107 3847 laudavit.

28 3893 29 3938 t
92 3897 306 3983 Quadriennio
329 3922 404 4000 post
428 3905 512 3973 virili
534 3921 610 3998 toga
629 3917 779 3996 sumpta,
797 3897 995 3966 militaribus
1015 3897 1110 3964 donis

28 4041 30 4147 p
90 4021 242 4114 triumpho
263 4029 405 4094 Caesaris
422 4026 577 4096 Africano
594 4023 734 4091 donatus
752 4033 818 4105 est,
838 4041 1039 4109 quamquam
1056 4041 1110 4084 ex-

89 4159 147 4226 pers
169 4141 245 4212 belli
271 4159 414 4238 propter
436 4159 572 4214 aetatem.
595 4141 782 4210 Profectum
808 4161 885 4204 mox
909 4131 1109 4205 avunculum
