3098 5446
461 515 517 583 246
864 513 894 568 (L
916 513 1088 570 stmTouu

461 639 685 722 commeabat,
700 638 807 729 primo
822 634 926 720 clam,
942 636 1058 705 deinde
1074 637 1244 730 propalam
1265 664 1273 706 ε
1293 655 1329 707 ut
1351 645 1454 712 nemini

461 759 598 827 dubium
614 770 717 836 esset,
733 779 772 838 eo
787 755 840 823 die
853 757 966 848 utique
982 756 1182 825 adfuturum.
1196 759 1310 851 Neque
1328 759 1455 830 dissimu-

461 875 563 962 labat,
587 873 669 942 velle
696 897 730 941 se
755 867 939 966 palmarum
966 898 1140 942 numerum
1169 874 1323 969 ampliare
1344 903 1351 944 :
1372 903 1457 970 quam

461 992 683 1088 spectaculum
704 990 928 1086 multiplicatis
948 993 1100 1062 missibus
1122 997 1156 1062 in
1177 1017 1285 1063 serum
1307 997 1455 1089 protrahe-

460 1114 573 1198 batur,
592 1136 634 1180 ne
658 1111 799 1180 dominis
820 1111 951 1204 quidem
966 1113 1034 1204 jam
1053 1113 1229 1185 lactionum
1250 1114 1457 1208 dignantibus,

460 1233 522 1300 nisi
541 1231 583 1299 ad
603 1233 701 1299 totius
720 1231 783 1298 diei
805 1239 956 1318 cursum,
974 1231 1086 1326 greges
1105 1231 1232 1301 ducere.
1250 1236 1330 1302 Mox
1350 1249 1379 1302 et
1400 1237 1461 1327 ipse

459 1351 632 1444 aurigare,
651 1364 747 1442 atque
765 1351 862 1418 etiam
879 1352 1016 1442 spectari
1032 1351 1147 1443 saepius
1163 1351 1289 1420 voluit:
1307 1355 1461 1445 positoque

458 1471 493 1536 in
513 1470 618 1537 bortis
638 1470 723 1537 inter
737 1471 867 1537 servitia
887 1485 920 1537 et
938 1468 1101 1538 sordidam
1119 1466 1247 1562 plebem
1271 1471 1462 1556 rudimento,
1509 1553 1513 1561 Ι

459 1589 686 1656 universorum
699 1612 733 1655 se
749 1585 852 1656 oculis
871 1590 906 1654 in
924 1588 1021 1656 Circo
1037 1590 1182 1656 maximo
1196 1590 1353 1682 praebuit,
1364 1587 1461 1682 aliquo

460 1705 576 1776 liberto
592 1709 741 1776 mittente
758 1731 929 1800 mappam,
948 1707 1035 1774 nude
1050 1709 1257 1801 magistratus
1276 1707 1388 1776 solent.
1404 1711 1464 1778 Nec

419 1903 423 1912 ¹
460 1841 632 1894 contentus
657 1828 774 1894 herum
802 1827 921 1894 artium
950 1825 1169 1919 experimenta
1195 1829 1310 1894 Rome
1332 1825 1465 1910 dedisse,

399 1913 420 1932 ..
458 1945 636 2031 Achaiam,
657 1961 693 2012 ut
710 1945 868 2026 diximus,
886 1945 981 2036 petit,
1000 1944 1077 2012 binc
1095 1946 1235 2012 maxime
1246 1959 1363 2012 motus
1382 1945 1467 2012 lusti·

460 2077 590 2130 tuerant
613 2065 777 2148 civitates,
795 2062 882 2155 apud
901 2085 981 2154 quas
1003 2065 1117 2132 musici
1138 2087 1255 2156 agones
1277 2062 1332 2132 cdi
1356 2061 1468 2146 solent,

459 2205 573 2248 omnes
584 2181 837 2248 citharoedorum
849 2205 987 2250 coronas
998 2181 1039 2249 ad
1053 2183 1159 2275 ipsum
1174 2184 1313 2250 mittere.
1323 2180 1470 2250 Easadeo

461 2313 553 2391 grate
571 2299 764 2390 recipiebat,
777 2313 814 2366 ut
828 2297 970 2392 legatos,
984 2300 1040 2392 qui
1054 2297 1283 2392 pertulissent,
1299 2325 1368 2368 non
1381 2299 1471 2368 modu

460 2418 583 2509 primos
603 2417 810 2501 admitteret,
829 2416 1001 2486 sedetiam
1021 2416 1230 2487 familiaribus
1251 2418 1360 2513 epulis
1382 2421 1474 2488 inter·

461 2549 605 2627 poneret.
626 2542 654 2606 A
667 2535 862 2628 quibusdam
877 2561 916 2604 cx
933 2538 983 2605 bis
1000 2551 1149 2630 rogatus,
1163 2552 1200 2606 ut
1215 2553 1364 2607 cantaret
1383 2561 1474 2630 supet·

459 2677 603 2741 coenum,
639 2669 858 2747 exceptusque
892 2653 1046 2743 effusius,
1080 2654 1211 2724 «Solos
1245 2657 1332 2725 scire
1370 2655 1476 2724 audite

459 2773 611 2857 Grecos,
639 2771 789 2864 solosque
814 2795 848 2840 se
869 2785 901 2840 et
924 2772 1039 2840 studiis
1060 2775 1127 2842 suis
1147 2773 1284 2868 dignos,
1298 2805 1317 2840 c
1339 2776 1398 2861 ait.
1414 2777 1480 2844 lieu

458 2889 659 2981 profectione
673 2889 792 2976 dilata,
807 2903 844 2956 ut
855 2891 996 2982 primum
1012 2892 1189 2986 Cassiopen
1207 2895 1356 2986 trajecit,
1373 2893 1476 2964 statim

459 3008 500 3073 ad
517 3033 606 3076 aram
619 3009 707 3076 lovis
726 3009 830 3078 Cassii
847 3023 978 3077 cantare
994 3012 1179 3103 auspicatus
1195 3027 1253 3082 est.

505 3129 834 3197 >tantustantus
851 3126 1002 3222 deinceps
1020 3129 1103 3198 obiit
1115 3133 1235 3200 omnia.
1253 3135 1347 3203 Nam
1365 3147 1484 3226 etque

460 3243 750 3313 diversissimorum
764 3260 948 3338 temporum
967 3261 1061 3332 sunt,
1075 3249 1146 3343 cogi
1166 3250 1199 3317 in
1217 3273 1324 3320 unum
1344 3275 1486 3334 anuum,

458 3349 651 3452 quibusdam
675 3367 772 3432 etiam
798 3365 941 3449 iteratis,
963 3366 1076 3457 jussit3
1097 3381 1130 3435 et
1160 3349 1325 3462 Olympiae
1357 3393 1489 3464 quoque

457 3495 574 3572 praeter
602 3483 868 3552 consuetudinem
892 3485 1052 3554 musicum
1079 3509 1183 3580 agona
1210 3489 1397 3558 commisit.
1421 3493 1490 3572 Ἀο,

456 3622 497 3666 ne
525 3601 605 3691 quid
636 3603 721 3670 circa
748 3602 815 3669 boec
843 3617 1039 3698 occupatum
1074 3620 1224 3676 auocaret
1259 3605 1492 3688 detineretis,

455 3741 559 3808 quum
583 3722 752 3810 prasentia
771 3721 840 3813 ejus
861 3721 988 3790 urbicas
1006 3745 1055 3791 res
1078 3747 1173 3817 egere
1196 3749 1215 3792 a
1243 3723 1377 3796 liberto
1397 3724 1496 3796 Helio

456 3833 697 3924 admoneretur,
727 3839 894 3933 rescripsit
919 3841 968 3908 bis
997 3841 1123 3927 verbis,
1156 3871 1173 3906 α
1193 3843 1367 3931 Quamvis
1406 3869 1496 3914 nunc

456 3967 550 4020 tuum
571 3952 741 4024 consilium
762 3959 804 4024 sit
824 3971 858 4026 et
881 3973 1012 4047 votum,
1030 3959 1178 4030 celeriter
1196 3965 1323 4032 reverti
1343 3989 1426 4052 me3
1449 3981 1498 4032 ta·

458 4093 532 4138 men
548 4071 684 4140 suadere
703 4090 735 4142 et
754 4089 867 4169 optare
884 4080 993 4172 potius
1012 4079 1127 4167 debes,
1147 4095 1184 4148 ut
1202 4084 1349 4154 Nerone
1373 4085 1501 4180 dignus
