3114 5446
412 512 465 568 166
812 500 841 555 C.
863 497 1039 556 sunnotttt

409 614 476 706 culi
500 653 591 700 sacra
622 639 792 696 sumeret:
817 623 1022 716 abusumque
1046 621 1221 692 audentius
1246 625 1439 714 mandacio,

410 739 501 848 quod
525 763 601 818 ante
625 769 748 816 anuum
774 741 842 810 sere
866 757 964 810 natus
988 743 1187 810 Germanico
1216 742 1304 812 filius
1322 745 1440 815 Tiburi

413 873 541 955 luerat,
563 862 745 960 appellatus
766 877 797 930 et
819 861 889 954 ipse
915 863 953 930 C.
973 863 1100 948 Caesar3
1125 860 1167 928 de
1187 862 1282 954 cujus
1307 859 1441 934 amabili

413 987 554 1084 pueritia
571 985 814 1072 immaturoque
829 979 922 1048 obitu
939 977 1207 1071 supradiximus.
1224 979 1371 1050 Plinium
1388 1008 1442 1052 ar·

415 1110 485 1206 guit
509 1105 592 1174 ratio
617 1116 813 1193 temporum.
841 1101 929 1167 Nam
953 1099 1010 1189 qni
1035 1121 1087 1166 res
1112 1100 1251 1191 Augusti
1276 1103 1443 1170 memorias

414 1225 632 1308 insudarunt,
652 1219 887 1292 Germanicum
908 1231 1023 1286 exacto
1045 1216 1218 1286 consulatu
1243 1221 1278 1286 in
1297 1219 1442 1290 Galliam

415 1347 569 1430 missum,
590 1339 822 1422 consentiunt,
844 1338 912 1429 jam
937 1350 1014 1404 nato
1038 1337 1128 1406 Caio.
1151 1339 1222 1406 Nec
1245 1337 1344 1407 Plinii
1368 1343 1442 1434 opi·
1528 1397 1530 1404 .

416 1465 547 1535 monem
564 1458 732 1550 inscriptio
746 1480 811 1524 ere
824 1456 1000 1548 quicquam
1014 1453 1192 1546 adjuverit,
1206 1481 1309 1548 quum
1322 1461 1445 1552 Agrip·

418 1584 495 1675 pina
514 1579 565 1648 bis
584 1579 618 1644 in
635 1601 674 1646 ea
696 1576 830 1670 regione
850 1573 933 1642 filias
952 1575 1048 1642 enixa
1066 1577 1128 1660 sit,
1152 1589 1185 1644 et
1204 1574 1446 1671 qualiscunque

419 1714 548 1794 partus,
565 1697 635 1766 sine
651 1693 719 1764 ullo
736 1719 831 1762 sexus
847 1692 1053 1780 discrimine,
1064 1695 1278 1789 puerperium
1294 1711 1447 1783 vocetur-3

419 1817 507 1910 qnod
517 1815 644 1915 antiqui
655 1815 752 1884 etiam
765 1810 889 1906 puellas
894 1835 1023 1906 puems
1027 1863 1039 1898 ,
1051 1812 1134 1880 sicut
1143 1827 1176 1880 et
1186 1837 1308 1908 pueros
1313 1815 1449 1910 puellos

420 1938 619 2006 dictitarent.
649 1937 761 2010 Exstat
788 1947 821 2002 et
847 1931 991 2026 Augusti
1015 1929 1172 2025 epistola,
1199 1947 1275 2001 ante
1300 1959 1449 2027 paucos,

421 2082 520 2151 qnam
536 2055 659 2138 obiret,
674 2075 802 2120 menses
818 2049 859 2120 ad
876 2050 1094 2144 Agrippinam
1114 2065 1244 2144 neptem
1263 2055 1308 2120 ita
1325 2055 1450 2148 scripta

421 2178 462 2246 de
486 2176 567 2246 Caio
593 2175 656 2243 hoo
680 2169 814 2265 (neque
837 2169 923 2238 enim
949 2170 1124 2262 qnisquam
1142 2171 1212 2264 jam
1234 2170 1318 2242 alius
1339 2173 1451 2242 infans

422 2295 555 2364 nomine
575 2291 647 2384 pari
671 2304 752 2358 tuno
777 2287 968 2382 supererat)
986 2313 994 2354 ε
1014 2291 1190 2358 «Puerum
1211 2291 1327 2359 Caium
1348 2293 1451 2384 qnin-

423 2413 585 2484 todecimo
603 2407 755 2478 kalendas
771 2409 874 2500 junii,
892 2409 919 2476 si
939 2407 985 2476 dii
1006 2406 1133 2494 volent,
1155 2423 1192 2478 ut
1212 2409 1368 2480 ducerent
1383 2415 1452 2480 Ta·

423 2532 524 2602 larius
540 2545 573 2600 et
585 2528 738 2614 Asellius,
753 2527 823 2596 beri
837 2553 912 2596 cum
929 2528 980 2596 his
994 2529 1159 2596 constitui.
1176 2530 1277 2598 Mitto
1294 2543 1454 2624 praterea

423 2677 498 2720 cnm
513 2675 552 2718 eo
571 2673 610 2718 ex
629 2648 729 2716 servis
746 2648 826 2716 meis
843 2645 1026 2733 medicum,
1043 2669 1161 2738 quem,
1180 2648 1294 2740 scripsi
1309 2650 1456 2717 Germa·

423 2771 516 2852 nico,
536 2771 562 2836 si
587 2765 704 2848 vellet,
727 2779 764 2834 ut
786 2767 952 2834 retineret.
972 2763 1123 2852 Valebis,
1149 2791 1221 2833 mea
1245 2769 1457 2862 Agrippina,

423 2904 456 2958 et
475 2887 568 2956 dabis
592 2909 747 2978 operam,
768 2899 806 2952 ut
826 2882 938 2952 valens
959 2886 1130 2976 pervenias
1150 2883 1192 2952 nd
1213 2886 1458 2956 Gennanicum

425 3023 528 3076 tuum.
543 3035 560 3068 s
577 3003 718 3074 Abunde
736 3003 878 3070 arbitror
895 3023 1029 3094 parere,
1047 3026 1114 3070 raon
1133 3001 1277 3096 potirisse
1295 3005 1339 3072 ibi
1359 3008 1460 3074 nasci

425 3125 561 3204 Caium,
579 3147 646 3212 qno
666 3145 767 3212 prope
787 3117 930 3186 bimulus
951 3118 1083 3186 demum
1100 3121 1279 3213 perductus
1299 3122 1340 3190 ab
1358 3125 1463 3194 Urbe

426 3245 479 3312 sit.
497 3237 745 3312 Versiculorum
763 3260 895 3330 quoque
912 3235 1012 3305 fidem
1031 3237 1144 3306 eadem
1163 3239 1231 3308 haec
1249 3238 1402 3327 elevant;
1424 3257 1465 3310 et

426 3386 467 3430 eo
490 3357 638 3442 facilius,
661 3355 751 3449 qnod
775 3357 810 3422 hi
837 3355 907 3424 sine
930 3369 1063 3424 auctore
1087 3371 1175 3426 sunt.
1203 3358 1379 3450 Sequenda
1409 3377 1468 3430 est

426 3481 550 3572 igitur,
574 3500 648 3570 qnae
670 3473 737 3548 sola
763 3471 943 3570 [actorum]
968 3489 1068 3543 restat
1091 3472 1160 3572 [et]
1180 3475 1304 3570 publici
1328 3478 1467 3548 instru-

427 3599 529 3664 menti
550 3596 728 3664 anctoritas
746 3619 754 3662 ε
773 3594 953 3687 praesertim
971 3618 1074 3686 quum
1088 3596 1189 3664 Caius
1206 3597 1360 3684 Antium,
1381 3623 1471 3668 om-

428 3715 526 3782 nibus
554 3737 680 3805 semper
707 3711 789 3780 locis
817 3725 917 3803 atque
945 3711 1123 3780 secessibus
1155 3711 1352 3806 praelatum‚
1388 3743 1474 3788 non

430 3829 536 3915 aliter,
552 3855 651 3922 qnam
667 3829 774 3898 natale
791 3827 914 3916 solum,
927 3827 1093 3919 dilexerit;
1111 3831 1324 3926 tradaturque
1339 3836 1476 3920 etiam,

429 3947 539 4018 sedem
559 3973 597 4018 ac
616 3947 818 4018 domicilium
839 3949 967 4042 imperii
987 3949 1082 4018 taedio
1102 3951 1203 4020 Urbis
1221 3951 1405 4024 transferre
1429 3984 1479 4027 eo

430 4066 614 4141 destinasse.
