3164 5442
420 443 460 497 IN
483 443 567 498 OCl'.
588 443 812 501 AUGUSTUM.

231 556 377 623 Medusque,
387 565 413 607 et
423 557 509 618 ludus,
523 567 548 610 te
560 555 675 625 probagus
685 559 773 627 Scytha

231 641 340 691 Miratur.
353 678 360 691 .
373 678 379 691 .
393 679 399 691 .

140 799 331 856 lieddiderunt.
363 801 455 872 Vell,
480 819 524 870 ιι,
545 818 580 875 9ι
606 820 613 855 :
637 826 649 852 s
670 803 747 858 Dum
769 814 889 876 pacatur
917 803 1076 876 Occidens,
1099 807 1136 861 ah

107 892 212 950 On'ente
224 909 257 951 ae
272 911 339 968 rege
352 892 525 950 Parthorum
546 893 627 969 signa
648 913 782 966 romana,
797 915 861 972 qua
880 895 981 952 Crasso
999 915 1136 972 oppresso

106 986 219 1058 Orodes,
239 1005 304 1060 quae
319 986 448 1043 Antonio
467 987 552 1060 pulso
573 983 650 1043 filius
663 987 725 1061 ejus
739 989 873 1045 Phraates
896 999 1049 1062 ceperant,
1071 994 1137 1046 Au-

107 1089 181 1155 gusto
199 1078 312 1135 mmissa
336 1089 410 1136 sunt.
427 1103 440 1130 υ
457 1083 500 1136 De
516 1080 672 1151 Armenia,
693 1080 761 1137 vide
776 1099 850 1156 qnos
874 1081 942 1138 citat
968 1081 1005 1136 ad
1031 1079 1059 1137 h.
1084 1081 1138 1138 loc.

104 1173 252 1247 Banmgart

142 1265 319 1340 oostiesque.
334 1264 457 1321 Obsides
480 1265 560 1321 dedit
579 1267 713 1323 Phraates
730 1264 805 1324 filios
824 1287 899 1324 suos.
923 1269 997 1325 Vide
1017 1269 1138 1340 Suasa,

102 1376 162 1428 m,
180 1375 209 1431 p.
229 1354 498 1429 5153v1n.,ub.
523 1377 603 1432 sup,
622 1359 659 1433 93
668 1380 677 1430 ;
699 1369 728 1414 et
748 1359 866 1430 Ticis,
887 1363 1012 1428 Annal,
1035 1380 1084 1432 ιι,
1113 1381 1137 1417 ι.

103 1449 161 1505 flac
181 1446 316 1505 ridentur
335 1447 480 1524 pertinere
500 1449 537 1504 ad
556 1450 632 1506 illam
655 1450 729 1506 inter
752 1451 914 1508 Teridatem
936 1463 965 1508 et
989 1453 1137 1508 Phraatem

102 1549 186 1596 ortam
199 1539 386 1611 discordiam,
408 1552 436 1597 et
455 1561 508 1616 per
525 1545 687 1619 Augustum
707 1542 902 1618 compositam.
929 1543 1004 1600 vide
1029 1545 1138 1618 Dron,

101 1652 141 1703 ιι,
153 1653 182 1707 p.
198 1631 265 1702 456.

137 1727 201 1782 Car.
217 1728 317 1786 XXII.
335 1726 476 1782 Clausum.
490 1728 585 1800 Flor,
598 1747 643 1800 ιι,
656 1747 691 1785 rs
707 1747 714 1786 ι
728 1733 904 1802 «lususque
917 1728 1033 1785 tandem
1047 1731 1139 1786 Caesar

98 1823 255 1895 Augustus,
270 1819 521 1896 septingentesimo
539 1823 631 1878 Cesar
646 1821 683 1878 ab
696 1822 776 1880 Urbe
794 1821 911 1878 condita
929 1839 1022 1893 anno,
1036 1824 1140 1878 Janum

99 1911 235 1986 μισὶιισιιι
249 1911 381 1982 cludere,
394 1911 436 1968 bis
450 1923 516 1970 ante
536 1932 565 1969 se
582 1911 709 1986 clusum,
723 1913 777 1971 sub
797 1915 891 1971 Numa
913 1929 995 1988 rege,
1016 1923 1045 1969 et
1063 1914 1139 1970 ricta

96 2003 215 2076 primum
228 1997 409 2081 Carthagine
426 2029 439 2056 υ

133 2097 231 2152 Pana.
250 2098 386 2153 Formula
404 2097 539 2173 frequens
559 2097 590 2153 in
609 2097 739 2154 rostratis
753 2097 875 2173 lugenti
893 2098 992 2155 statuis
1008 2119 1014 2153 :
1030 2096 1077 2160 des
1094 2109 1138 2166 τὴν

96 2197 182 2267 abiens
197 2199 399 2268 ἐστασιασμένην
414 2199 442 2251 lx
454 2205 543 2251 πολλοῦ
559 2200 694 2255 συνίστησι
708 2199 775 2252 κατά
789 2219 818 2251 τι
831 2204 890 2270 γῆν,
903 2197 946 2252 καὶ
962 2199 1029 2253 κατὰ
1047 2200 1139 2252 θάλασ-

98 2308 147 2342 σιν.
161 2282 306 2356 Appiam,
324 2285 360 2338 B.
377 2282 423 2350 C.‚
444 2301 477 2354 v,
490 2301 520 2356 p.
537 2281 602 2353 746.

134 2376 186 2430 Bis
203 2394 303 2431 ovans.
317 2377 361 2432 Ex
374 2375 460 2431 Dion.
477 2387 537 2431 ter:
549 2385 685 2432 monente
695 2375 736 2432 Cl.
751 2376 844 2441 Hase,
861 2371 1003 2430 dissensus
1016 2374 1140 2449 scripto—

95 2484 153 2522 rum
170 2467 237 2524 tolli
253 2466 365 2542 nequit.
384 2469 516 2526 Ceterum
535 2468 678 2542 duplicem
699 2467 857 2524 orationem
877 2465 1048 2524 confirmant
1065 2468 1141 2523 Fasti

93 2559 257 2634 Capitolini.
276 2560 352 2616 Vide
371 2561 532 2622 Cassuson.

133 2654 317 2728 iliumphos.
338 2653 494 2726 Quomodo
513 2655 549 2709 ab
573 2653 706 2716 ovatione
726 2651 841 2708 disserat
862 2650 1037 2724 triumphus,
1055 2651 1141 2708 docet

90 2745 225 2823 Dionys„
241 2766 262 2801 v
277 2765 285 2800 :
301 2759 398 2825 Πρῶτοι
419 2755 477 2825 piu,
494 2757 532 2808 ὅτι
545 2757 619 2817 nelle
632 2755 768 2826 ιῖσίρχιτσι
783 2756 848 2824 μετὰ
870 2759 913 2813 τῆς
926 2753 1044 2824 στρατιᾶς
1056 2773 1139 2824 προῃ-

90 2848 203 2917 popm<
223 2849 237 2898 ὅ
262 2847 305 2899 ebs
322 2847 426 2902 etism
444 2846 561 2918 serapin
578 2845 709 2918 lpiepdos,
732 2848 784 2898 ἀλλ’
807 2848 850 2898 οὐκ
870 2847 904 2915 Ιφ’
919 2846 1041 2915 ἅρματος,
1058 2845 1139 2915 ὥσπερ

88 2937 187 3004 lauisse,
201 2959 227 2992 ι,
243 2960 269 2991 τ.
286 2946 309 2992 λ.

128 3023 206 3079 Tres.
227 3022 328 3098 Virg„
344 3021 474 3088 AEtzeal,
488 3042 565 3091 vsu,
580 3030 635 3092 714
656 3043 663 3076 :

196 3191 233 3236 At
245 3189 335 3246 omar,
345 3186 434 3252 triplici
448 3187 555 3236 invectus
563 3201 662 3236 romeus
676 3183 799 3251 triumpho

193 3270 323 3321 hloeuia..
339 3307 346 3320 .
360 3308 366 3320 .

86 3415 204 3473 Servius
218 3416 300 3473 adh.
315 3417 334 3472 l.
349 3414 488 3472 :ePrimo
497 3414 544 3470 die
557 3413 742 3488 triumpharit
751 3413 906 3485 exereitus,
921 3412 972 3488 qui
986 3413 1144 3470 Antonium

84 3507 193 3566 vicerat
217 3508 321 3566 navali
341 3509 434 3577 bello;
448 3508 592 3578 secundo,
613 3508 665 3583 qui
680 3508 823 3564 Dalmatas
839 3505 960 3577 vicerat5
980 3507 1066 3564 tertio
1084 3505 1144 3578 ipse

85 3619 149 3658 eum
167 3602 369 3660 alexandrino
382 3603 511 3658 invectus
524 3612 567 3658 est
581 3602 763 3676 triumpho.»

121 3695 194 3754 Car.
218 3697 342 3754 xxlll.
361 3697 534 3752 Lollaebnam.
553 3697 639 3752 h.U.
656 3695 826 3766 738.Ve11.,
843 3713 884 3765 ιι,
907 3711 945 3768 97
967 3713 974 3749 t
995 3695 1142 3766 «Accepta

84 3787 111 3841 in
128 3787 296 3846 Germania
310 3787 405 3844 clades
418 3789 568 3863 sublegato
582 3789 622 3843 M.
638 3787 748 3858 Lollio,
762 3786 876 3843 homine
895 3786 926 3841 in
940 3783 1035 3842 omnia
1054 3801 1146 3858 pecu-

81 3879 133 3936 nia
156 3901 258 3956 quam
286 3891 364 3938 reete
378 3880 501 3937 faciendi
521 3880 687 3954 cupidiore,
709 3890 738 3936 et
758 3880 833 3936 inter
853 3892 990 3936 summam
1010 3875 1145 3934 vitiorum

82 3971 352 4030 dissimulationem
374 3972 569 4042 vitiosissim03
592 3973 750 4048 amissaque
763 3972 882 4048 legionis
904 3970 1011 4044 quinta
1033 3968 1145 4043 aquila,

81 4067 198 4140 vocarit
213 4069 256 4126 ab
277 4068 357 4125 Urbe
376 4068 406 4123 in
420 4067 525 4124 Gallias
539 4069 682 4125 Caesarem.
700 4059 714 4116 »ι’
