3098 5446
405 459 439 496 ro
811 439 841 495 C.
864 436 1042 496 sueuoutt

399 589 500 659 quam
524 564 645 660 gessit,
670 565 867 658 imperium
887 589 1090 658 quamquam
1115 563 1218 635 multa
1242 564 1423 636 documenta

398 686 523 782 egregii
557 687 716 780 principis
746 684 841 754 daret
871 711 881 754 z
909 684 969 755 sed
1006 711 1213 781 nequaquam
1247 701 1313 756 tam
1344 705 1425 783 grata

399 820 512 888 mant,
531 829 631 898 quam
647 805 773 892 invisa,
791 831 864 899 quse
879 830 973 874 secus
989 805 1116 875 fierent.
1134 807 1323 902 Regebatur
1336 809 1425 877 trium

391 925 559 1013 arbitrio,
584 949 668 1020 quos
694 948 759 994 una
783 941 818 995 et
847 927 934 994 intra
963 925 1123 1021 palatium
1151 927 1352 1016 habitantes,
1374 951 1426 998 aar

399 1073 547 1144 unquam
574 1071 641 1116 non
666 1046 890 1136 adherentes,
912 1046 1110 1143 pedagogos
1137 1045 1238 1143 vulgo
1265 1050 1425 1119 vocabant.

401 1171 443 1238 Hi
463 1183 558 1238 erant
576 1171 615 1237 T.
634 1169 775 1259 ¹Vinius,
795 1167 922 1264 legatus
939 1168 1013 1262 eJus
1031 1169 1065 1236 in
1082 1169 1257 1263 Hispania,
1273 1170 1426 1265 cupidita·

399 1293 442 1359 tis
467 1292 633 1359 immensae
655 1315 663 1357 :
686 1287 862 1358 Cornelius
886 1291 993 1376 laco,
1016 1313 1057 1358 ex
1080 1313 1243 1358 assessore
1266 1289 1428 1384 prefectus

398 1413 565 1505 praetorii,
584 1409 774 1504 arrogantia
796 1407 1014 1502 socordiaque
1037 1407 1283 1478 intolerabilis:
1305 1408 1429 1479 libertus

364 1563 372 1574 ·
398 1529 520 1618 Icelus,
534 1527 636 1625 paulo
650 1544 730 1598 ante
743 1527 877 1600 annulis
894 1530 1002 1598 aureis
1019 1543 1053 1598 et
1068 1531 1229 1599 Marciani
1240 1532 1429 1627 cognomine

398 1667 554 1738 ornatus,
576 1677 616 1722 ac
638 1651 707 1745 jam
732 1673 871 1720 summe
892 1651 1055 1744 equestris
1081 1647 1206 1746 gradus
1228 1650 1429 1722 candidatus.

399 1775 478 1854 His,
495 1771 625 1842 diverso
641 1771 798 1840 vitiorum
814 1793 935 1865 genere
949 1771 1192 1866 grassantibus,
1204 1771 1289 1840 adeo
1308 1796 1342 1841 se
1359 1771 1432 1840 abu·

398 1893 534 1963 tendum
550 1893 700 1988 permisit
719 1907 764 1961 et-
776 1891 932 1980 tradidit,
952 1906 990 1960 ut
1008 1893 1062 1960 vix
1079 1892 1141 1961 sibi
1160 1893 1229 1987 ipse
1246 1906 1431 1962 constaret:

398 2013 498 2083 modo
515 2013 666 2082 acerbior
685 2015 900 2108 parciorque,
919 2012 1020 2082 modo
1033 2014 1201 2082 remissior
1214 2039 1253 2082 ac
1268 2013 1431 2109 negligen-
1450 2069 1453 2075 Α

398 2136 475 2222 tior,
492 2157 591 2227 quam
608 2135 800 2202 conveniret
815 2133 956 2227 principi
969 2132 1097 2219 eleeto,
1111 2149 1211 2227 atque
1228 2132 1312 2206 illud
1325 2133 1431 2202 etatis.

398 2254 570 2345 Quosdam
597 2253 704 2323 claros
734 2277 773 2322 ex
803 2268 947 2348 utroque
971 2252 1092 2324 ordine
1117 2257 1227 2342 viros,
1254 2254 1433 2349 suspicione

398 2377 560 2463 minima,
587 2375 754 2444 inauditos
785 2373 1032 2444 condemnarit.
1059 2376 1238 2445 Civitatem
1268 2398 1433 2444 romanam

397 2521 474 2566 raro
491 2495 607 2566 dedit:
627 2497 703 2591 jura
726 2497 827 2564 trium
850 2494 1030 2566 liberorum
1051 2497 1104 2564 via
1124 2497 1183 2564 uui
1203 2493 1305 2589 atque
1324 2493 1435 2578 alteri;

397 2641 436 2686 ac
450 2641 494 2685 ue
507 2617 559 2686 his
569 2616 721 2712 quidem,
736 2591 800 2685 uisi
812 2615 854 2684 ad
869 2631 998 2686 eertum
1016 2615 1283 2710 praefinitumque
1298 2631 1433 2711 tempus.

395 2735 588 2827 iudicibus,
618 2752 743 2808 sextam
774 2737 943 2806 decuriam
975 2737 1073 2832 adjici
1104 2737 1339 2830 precantibus,
1375 2761 1436 2804 non

398 2862 496 2932 modo
519 2863 675 2956 negavit,
698 2859 874 2930 sedetiam
895 2883 1086 2930 conoessum
1110 2883 1130 2927 a
1152 2856 1298 2928 Claudio
1319 2855 1438 2926 beneti-
1530 2913 1531 2920 ,

397 2985 506 3070 cium,
521 3007 564 3050 ne
581 2982 690 3050 bieme
705 2981 867 3076 initioque
882 2981 962 3049 anni
976 2977 1018 3048 ad
1029 2976 1248 3072 judicandum
1265 3003 1440 3047 evocaren-

396 3120 470 3190 tur,
495 3104 628 3198 eripuit.

442 3225 518 3292 XV.
538 3221 798 3290 Existimabatur
815 3223 915 3291 etiam
936 3223 1100 3291 senatoria
1123 3235 1155 3289 et
1176 3221 1343 3314 equestria
1364 3219 1439 3288 offi-

396 3345 467 3426 cia,
496 3341 622 3410 biennii
646 3342 754 3434 spatio
779 3341 1077 3429 determinaturus,
1105 3367 1164 3442 nec
1189 3343 1352 3428 daturus,
1381 3341 1441 3408 nisi

399 3463 509 3530 invitis
526 3487 565 3530 ac
586 3461 829 3531 recusantibus.
849 3462 1076 3532 Liberalitates
1096 3463 1253 3549 Neronis,
1272 3487 1341 3533 uon
1368 3461 1441 3558 plus

397 3582 532 3652 decimis
559 3583 741 3668 coracessis,
768 3607 827 3676 per
854 3585 1098 3680 quinquaginta
1124 3586 1252 3678 equites
1287 3607 1443 3654 romanos

397 3728 436 3771 ea
453 3702 647 3772 conditione
667 3703 871 3772 revocandas
895 3705 1025 3773 curavit
1047 3703 1308 3798 exigendasque,
1329 3719 1368 3773 ut
1392 3717 1444 3780 et,

397 3823 423 3890 si
445 3823 527 3916 quid
549 3823 668 3892 scenici
693 3838 751 3890 aut
772 3824 888 3917 xystici
911 3823 1071 3892 donatum
1092 3815 1171 3892 oiim
1194 3824 1442 3906 vendidissent,

398 3943 582 4013 auferretur
600 3945 801 4032 emtoribus,
822 3945 957 4039 quando
978 3943 1021 4014 iili
1035 3997 1044 4033 ,
1060 3946 1213 4014 absumto
1226 3948 1353 4040 pretio,
1376 3943 1441 4016 soi-

400 4087 475 4131 verc
493 4067 678 4158 nequirent.
699 4069 738 4134 At
762 4081 899 4155 contra,
922 4065 1004 4135 nihii
1025 4091 1090 4136 non
1111 4089 1170 4160 per
1187 4068 1324 4136 comites
1343 4082 1443 4161 atque
