3114 5446
431 529 483 587 19⁹
832 514 863 568 G
884 509 1060 569 sumoml

427 650 462 706 et
485 635 621 705 nomina
644 633 814 706 barbarica
836 633 931 704 ferre.
955 634 1114 728 Praecepit
1137 633 1260 718 etiam,
1284 632 1449 718 triremes,

427 755 547 850 quibus
576 755 747 826 introierat
771 759 964 842 Oceanum,
994 775 1114 846 magna
1141 775 1181 822 ex
1210 765 1304 846 parte
1331 751 1447 819 itinere

427 875 572 943 terrestri
600 877 742 943 Romam
769 873 896 943 devehi.
926 873 1065 966 Scripsit
1091 885 1124 938 et
1152 870 1448 964 procuratoribus:

426 1021 448 1056 α.
458 993 679 1085 Triumphum
705 1004 904 1085 appararent
931 1013 1033 1083 quam
1060 987 1200 1061 minima
1223 1009 1371 1075 summa,
1394 985 1448 1055 sed

426 1124 568 1204 quantus
584 1133 756 1203 nunquam
773 1107 856 1177 alius
874 1091 1007 1194 fuisset3
1024 1103 1157 1200 quaudo
1176 1105 1210 1172 in
1227 1105 1378 1174 omnium
1392 1105 1450 1173 ho·

425 1227 553 1296 minum
570 1227 659 1297 bona
672 1228 727 1320 jus
745 1225 916 1296 haberent.
934 1255 951 1292 a

472 1347 626 1415 XLVllI.
646 1346 844 1438 Priusquam
867 1343 1038 1437 provincia
1061 1341 1254 1426 decederet,
1276 1343 1448 1413 consilium

427 1463 500 1533 iniit
521 1461 669 1532 nefandae
692 1463 893 1544 atrocitatis,
914 1460 1077 1554 legiones,
1100 1485 1174 1553 quae
1192 1475 1265 1555 post
1282 1486 1449 1532 excessum

312 1629 319 1646 .
425 1582 568 1675 Augusti
582 1580 773 1650 seditionem
787 1577 867 1649 olim
881 1593 1068 1667 moverant,
1081 1578 1348 1664 contrucidandi,
1362 1581 1451 1672 quod

427 1714 460 1768 et
482 1716 610 1794 patrem
631 1724 728 1769 suum
753 1700 989 1770 Germanicum
1010 1698 1149 1785 ducem,
1170 1713 1204 1784 et
1223 1722 1274 1787 se,
1293 1699 1450 1768 infantem

427 1832 527 1907 tunc,
549 1819 762 1888 obsedissent.
783 1820 915 1911 Vixque
935 1842 955 1886 a
979 1833 1047 1886 tam
1069 1819 1230 1912 praecipiti
1253 1820 1452 1912 cogitatione

427 1952 619 2026 revocatus,
639 1937 779 2006 inhiberi
800 1935 893 2006 nullo
918 1937 1027 2033 potuit
1050 1938 1169 2026 modo,
1190 1938 1271 2030 quin
1290 1937 1453 2008 decimare

427 2054 510 2124 velle
524 2075 752 2150 perseveraret.
762 2059 906 2128 Vocatus
918 2055 1029 2149 itaque
1040 2055 1081 2124 ad
1093 2056 1283 2125 concionem
1296 2057 1452 2147 inermes,

426 2188 526 2268 atque
546 2177 645 2246 etiam
663 2175 779 2269 gladiis
795 2173 973 2268 depositis,
992 2177 1140 2268 equitatu
1161 2190 1289 2245 armato
1306 2179 1450 2246 circum-

427 2291 526 2362 dedit.
545 2295 611 2364 Sed
627 2319 731 2387 quum
747 2292 890 2380 videret,
910 2307 1061 2387 suspecta
1079 2317 1133 2381 re,
1157 2292 1331 2387 plerosque
1350 2295 1450 2364 dilabi

426 2411 469 2481 ad
487 2410 702 2500 resumenda,
728 2412 756 2480 si
776 2435 842 2505 qua
866 2412 916 2480 vis
935 2410 1049 2498 fieret,
1074 2435 1184 2499 arma,
1203 2411 1352 2506 profugit
1370 2439 1453 2482 con·

426 2531 572 2619 cionem,
589 2530 830 2622 confestimque
843 2528 969 2597 Urbem
986 2530 1094 2622 petiit,
1108 2529 1232 2598 dellexa
1254 2533 1345 2599 omni
1361 2557 1453 2602 acer·

426 2649 529 2718 bitate
545 2650 580 2718 in
599 2665 768 2737 senatum,
785 2649 840 2718 cui
858 2648 900 2717 ad
917 2647 1111 2718 avertendos
1126 2661 1295 2718 tantorum
1311 2649 1453 2720 dedeco-

425 2792 501 2836 rum
521 2793 670 2838 rumores
692 2764 802 2860 palam
827 2765 1034 2852 minabatur3
1053 2791 1193 2858 querens
1219 2769 1308 2837 iuter
1323 2784 1469 2859 cetera,

426 2886 614 2956 fraudatum
633 2911 667 2955 se
687 2887 777 2980 justo
798 2886 986 2979 triumpho,
1007 2911 1111 2979 quum
1135 2888 1206 2981 ipse
1231 2887 1330 2982 paulo
1356 2907 1454 2980 ante,

426 3030 468 3072 ne
490 3005 570 3097 quid
588 3004 629 3073 de
648 3004 830 3073 honoribus
851 3005 918 3074 suis
939 3018 1108 3100 ageretur,
1129 3008 1228 3075 etiam
1249 3009 1311 3076 sub
1334 3012 1455 3079 mortis

426 3147 521 3217 paena
541 3124 781 3193 denunciasset.

474 3244 594 3310 XLIX.
611 3241 727 3312 Aditus
743 3266 822 3338 ergo
840 3245 874 3312 in
890 3244 1006 3314 itinere
1019 3270 1039 3314 a
1054 3245 1169 3341 legatis
1182 3245 1374 3341 amplissimi
1392 3277 1452 3321 or-

425 3357 532 3445 dinis,
556 3374 594 3428 ut
616 3373 815 3448 maturaret,
839 3364 1029 3450 orantibus,
1053 3389 1153 3458 quam
1179 3369 1321 3437 maxima
1344 3395 1457 3460 voce,

426 3507 442 3542 r
457 3479 618 3567 Veniam,
642 3479 768 3572 inquit,
785 3481 936 3570 veniam,
960 3497 992 3551 et
1010 3484 1064 3552 hie
1089 3509 1237 3572 mecum,
1253 3515 1269 3550 s
1292 3488 1457 3581 capulum

426 3594 524 3689 gladii
543 3598 659 3665 crebro
684 3598 880 3686 verberans,
905 3623 972 3693 quo
997 3603 1125 3670 cinctus
1149 3618 1228 3671 erat
1252 3604 1366 3674 Edixit
1395 3623 1460 3696 et,

425 3743 442 3778 a
458 3717 577 3784 reverti
594 3739 645 3803 se,
660 3715 717 3785 sed
733 3717 772 3784 iis
792 3731 940 3806 tantum,
959 3720 1017 3811 qui
1038 3735 1209 3814 optarent,
1227 3727 1371 3816 equestri
1393 3753 1455 3796 or-

426 3833 496 3902 dini
516 3847 549 3902 et
571 3833 695 3928 populo
712 3861 720 3904 :
740 3861 816 3904 nam
835 3861 869 3904 se
890 3859 996 3930 neque
1013 3841 1118 3908 civem
1139 3866 1245 3934 neque
1262 3845 1457 3939 principem

426 3954 553 4021 senatui
570 3953 710 4047 amplius
729 3954 809 4024 fore.
824 3985 841 4019 a
857 3957 973 4027 Vetuit
996 3959 1112 4044 etiam,
1133 3985 1331 4055 quemquam
1354 3989 1459 4034 seua-

427 4083 535 4139 torum
554 4072 616 4140 sibi
637 4097 836 4142 occurrere:
857 4088 956 4166 atque
975 4077 1114 4163 omisso,
1135 4079 1186 4148 vel
1207 4079 1311 4150 dilato
1332 4087 1462 4154 trium·
