3164 5442
459 468 499 523 ιιι
522 467 606 524 ocr.
624 469 847 526 sucosrun.
1124 484 1177 539 ras
1239 447 1243 456 ’

147 613 180 644 τοι
197 592 310 661 Κικέρωνι
324 585 381 650 lat<
394 592 478 643 lauria
493 593 504 642 ὁ
517 593 614 652 stavia:
628 591 671 644 acl
691 594 740 653 τοῖς
756 593 850 658 ἄλλοις,
868 595 919 646 ὅσοι
933 597 974 647 τὸν
995 588 1113 654 discissos
1130 605 1180 674 lpi-

147 705 210 749 ιινν,
222 677 256 735 di’
272 684 366 736 lascivos
378 682 421 753 pis
434 685 549 754 ᾧιιιιοῧτι
567 691 598 754 τῇ
617 680 699 754 Genti.
769 734 772 742 ,

179 769 262 824 Data.
277 767 615 842 Plutarch.,iant.‚p.
635 769 693 844 986
710 781 828 830 :Mittas
844 773 1025 834 illactenus
1043 784 1074 844 ιίς
1089 787 1181 850 Διβύην

142 870 234 939 Keionp
252 867 293 922 tei
313 871 423 922 Κάτωνα
441 867 484 921 καὶ
502 869 641 934 Σκιπίωνα,
663 871 759 940 Βρούτῳ
780 872 824 927 τιν
847 861 911 931 ivit:
934 861 1036 928 Ᾰλπνιιν
1056 879 1181 932 Γαλατίαν

142 961 258 1030 inlepida.
455 1019 458 1026 ‚

174 1039 321 1100 Ne'teretur.
345 1045 439 1116 Flos,
461 1064 501 1114 ιν,
521 1053 537 1112 4
559 1065 566 1100 :
590 1069 602 1095 a
624 1048 687 1101 Jam
704 1057 806 1120 parato
828 1048 956 1104 exercitu
983 1052 1015 1107 in
1041 1053 1182 1130 Cisalpina

142 1135 226 1192 Gallia
239 1137 414 1194 resistentem
432 1137 559 1193 motibus
573 1136 631 1194 suis
647 1139 716 1194 Dec.
734 1140 852 1194 Brutum
873 1141 1032 1199 obsidebat
1050 1169 1062 1196 ι

178 1239 332 1296 Contraxit.
349 1241 406 1296 Cic.
421 1243 463 1320 ca(
472 1243 572 1306 Attin,
583 1261 650 1312 xvi,
666 1241 683 1296 8
702 1262 709 1296 :
724 1245 849 1319 «Magna
862 1245 980 1301 molitur
993 1249 1182 1324 Octavianum

139 1342 304 1403 veteranos,
327 1333 436 1407 quique
465 1333 579 1390 Casilini
602 1345 630 1390 et
651 1334 766 1389 Galatiae
786 1347 865 1405 sunt,
886 1338 1020 1410 perduxit
1046 1341 1084 1397 ad
1103 1362 1180 1400 suam

138 1424 310 1480 senteutiam.
326 1426 387 1480 Nec
400 1425 519 1494 mirum;
534 1425 696 1501 quingenos
709 1426 841 1483 denarios
855 1428 911 1486 dat.
930 1453 941 1478 ι

173 1516 310 1572 Proeesse.
331 1517 468 1590 Appiam,
484 1519 519 1573 B.
542 1519 570 1573 C.
576 1558 586 1584 ,
606 1539 658 1588 ιιι,
672 1538 699 1592 p.
722 1517 776 1589 557
794 1541 801 1576 ε
816 1534 857 1598 Τῷ
876 1531 985 1602 Καίσαρι
1004 1529 1030 1585 ‹l'
1049 1537 1060 1586 i
1079 1539 1181 1607 στρατὸς

134 1617 248 1678 niliacis
270 1637 298 1670 τι
317 1617 360 1670 καὶ
378 1614 541 1688 ῥαὲδιφόριυς
563 1621 753 1689 ἰσκιυασμίνους
774 1623 982 1692 προςαγαγόντις,
999 1625 1078 1688 ἠξίουν
1096 1629 1180 1680 iactis

135 1710 327 1781 ἀντιστράτηγιν
347 1711 480 1780 ἀποφῆναι.

173 1795 362 1868 Apparaisse.
377 1795 466 1862 Quod
481 1806 541 1850 erat
558 1797 650 1870 turpis
664 1797 737 1872 fugae
751 1811 956 1872 argumentum.

170 1885 248 1942 Sace.
259 1885 619 1962 intelligendum,auctore
633 1890 759 1958 Emesa,
775 1890 812 1945 de
822 1909 878 1946 una
888 1910 923 1947 ex
938 1893 1099 1968 legionibus
1111 1913 1181 1969 quas

132 1976 263 2032 mercede
283 1978 476 2048 conduxerat,
493 1979 656 2056 quibusque
671 1993 799 2054 praerat.

168 2069 315 2126 Fortasse.
330 2071 424 2140 Flor.‚
439 2071 490 2126 ubi
506 2089 587 2144 sup:
604 2097 617 2123 ι
632 2075 774 2130 Cruentus
790 2085 818 2130 et
831 2076 943 2132 saucius
956 2077 1181 2151 aquilamamo-

130 2161 220 2220 aiente
237 2162 379 2238 signifero
398 2163 531 2220 traditam
547 2165 604 2221 suis
617 2166 743 2220 humeris
758 2166 787 2220 in
799 2179 889 2223 castra
903 2169 1054 2225 referebat.
1070 2195 1083 2222 ν

168 2256 239 2312 Cae.
263 2257 317 2312 XI.
342 2257 465 2312 Occisus.
482 2257 566 2312 Hunc
591 2258 627 2313 de
643 2259 750 2316 Caesare
771 2278 915 2316 rumorem
933 2261 1049 2318 Tacitus
1069 2263 1182 2332 retulit,

127 2351 253 2416 Annal,
275 2367 302 2418 ι,
318 2367 344 2404 2.

168 2442 275 2514 Glyco.
291 2445 383 2514 Quem
399 2442 528 2498 defendit
542 2447 647 2498 Brutus
659 2444 688 2498 in
707 2446 795 2518 Epist.
806 2447 847 2499 ad
856 2445 927 2513 cic„
939 2466 945 2501 :
955 2446 1041 2502 t'ribi
1054 2449 1182 2522 Glycona

124 2532 273 2589 medicum
288 2536 384 2590 Pansae
397 2534 610 2609 diligentissime
618 2536 815 2591 commendo...
833 2536 974 2592 Audimus
987 2555 1054 2592 eum
1068 2539 1177 2594 venuse

124 2625 155 2680 in
168 2627 366 2702 suspicionem
378 2629 528 2701 Torquato
541 2628 577 2683 de
593 2639 687 2683 morte
700 2631 808 2698 Pansae,
825 2629 1019 2702 custodirique
1035 2640 1067 2684 ut
1083 2631 1180 2704 parri-

123 2718 228 2776 cidam.
246 2720 328 2776 Nihil
340 2720 435 2775 minus
451 2721 626 2776 credendum
641 2731 681 2776 est
689 2713 702 2791 ,²
714 2731 767 2775 etc.
779 2747 791 2770 »

162 2813 267 2888 Niger.
285 2814 328 2870 cf.
344 2816 440 2884 Voss,
455 2815 492 2869 de
511 2816 583 2868 Hist.
599 2817 665 2884 lat,
686 2833 741 2884 ιιι,
760 2833 804 2868 ιι.

161 2907 382 2980 Interemptum.
406 2907 508 2977 Forte,
531 2906 599 2980 quia
621 2905 733 2962 cadenti
753 2905 862 2980 primus
882 2905 1014 2963 occurrit.
1037 2908 1179 2980 Appiam,

119 2999 154 3054 B·
174 2998 224 3067 0.,
245 3019 302 3069 111,
313 3017 342 3072 p.
357 2997 413 3070 572
426 3017 433 3052 Ξ
447 2997 520 3077 ipram
534 3009 671 3078 μαχόμενος
691 3011 781 3071 inies,
799 3006 841 3058 >cai
862 3008 977 3058 αὐτοῦτὸ
996 3010 1096 3078 copul
1113 3013 1178 3061 Καῖ-

121 3119 167 3169 eap
184 3096 326 3170 lodpapiss
340 3101 456 3152 ἀνιίλιτο.

157 3185 231 3242 Cae.
256 3185 327 3240 XII.
342 3190 370 3238 A
385 3185 427 3238 M.
443 3185 561 3258 Lepeilo.
578 3186 622 3239 lle
635 3185 691 3239 hoc
707 3184 774 3238 vide
789 3186 895 3254 Vena,
912 3205 954 3254 ιι,
970 3183 1015 3238 63.

160 3277 344 3333 Omandum.
362 3278 472 3349 Nempe
487 3277 607 3333 Plancus
623 3287 651 3331 et
668 3275 782 3332 Asinius
796 3277 895 3331 Pollio.
916 3277 1006 3346 velt,
1029 3277 1095 3332 ibid.

161 3369 403 3441 Tollendamqae.
418 3368 505 3438 Veli,
522 3387 563 3437 ιι,
578 3367 616 3423 62
635 3388 641 3422 :
660 3393 671 3417 a
683 3368 746 3421 Hoc
762 3379 803 3422 est
817 3369 887 3423 illud
903 3379 1032 3442 tempus,
1051 3388 1110 3442 quo
1127 3369 1178 3425 Ci-

115 3479 201 3530 ecto,
217 3459 311 3515 insito
327 3478 424 3515 amore
437 3459 672 3532 Pompeianarum
693 3460 832 3532 partium,
846 3462 981 3515 Caesarem
1002 3459 1175 3515 laudandum

113 3565 142 3609 et
156 3553 327 3609 tollendum
343 3551 488 3622 censebat,
507 3571 597 3626 quum
611 3552 688 3607 aliud
703 3551 823 3622 diceret,
838 3553 915 3608 aliud
932 3553 1052 3628 intelligi
1060 3554 1152 3607 vellet.
1168 3579 1178 3601 ν

118 3647 238 3702 Tollere
251 3645 332 3702 enim
346 3656 387 3700 est
400 3647 444 3700 vel
461 3645 594 3701 laudibus
605 3655 654 3700 aut
668 3645 828 3700 honoribus
840 3647 991 3714 extoliere,
1005 3647 1048 3698 vel
1058 3643 1176 3700 emedio

110 3739 234 3808 tollere,
251 3756 306 3794 seu
319 3735 488 3794 interficere.
499 3739 619 3804 Brutus,
634 3736 671 3792 ad
686 3737 756 3808 Cic,
771 3739 868 3804 Fam,
887 3756 917 3791 xi
927 3779 934 3802 ,
946 3755 982 3790 oo
999 3756 1005 3790 ε
1019 3739 1179 3791 «Caesarem
1242 3757 1246 3770 ¹

110 3831 184 3886 nihil
207 3849 285 3888 sane
306 3829 389 3885 dete
412 3840 559 3904 questum,
582 3827 636 3884 nisi
658 3829 779 3898 dictum,
798 3829 879 3903 quod
899 3827 1006 3883 diceret
1024 3838 1053 3882 tc
1074 3825 1179 3882 dixisse.

109 3921 304 3980 laudandum
325 3921 551 3992 adolescentem,
573 3921 756 3992 ornandum,
781 3921 960 3990 tollendum,
982 3939 1012 3975 se
1037 3937 1095 3975 non
1121 3938 1179 3976 esse

109 4017 361 4086 commissum,
376 4025 408 4070 ut
421 4015 483 4070 tolli
496 4015 595 4090 possit.
611 4039 626 4065 ν

147 4110 272 4166 Ριίοηὶν·
286 4121 380 4166 sectoe.
400 4108 435 4164 Η.
451 4128 475 4164 e.
497 4108 578 4182 quod
596 4108 775 4181 optimatium
787 4117 882 4180 partes
898 4113 1012 4160 secutus
1028 4114 1096 4158 erat.
