3108 5434
360 465 543 522 OCTAVIUS
563 464 763 523 AUGUSTUS.
1036 487 1074 542 97

84 586 137 654 den
157 587 304 656 cubuisse
333 589 446 676 aiunt,
474 589 536 658 nisi
567 587 745 658 humiliet
773 587 900 658 modice
927 589 1075 659 instrato.

84 707 156 772 Veste
169 729 233 773 non
252 707 378 775 temere
395 705 461 798 alia
474 729 574 800 quam
591 706 766 776 domestice
786 727 864 776 usus
882 722 950 796 est,
968 707 1009 776 ab
1027 733 1079 776 so-

83 847 138 892 rore
148 837 175 891 et
187 847 293 892 uxore
308 838 342 892 et
354 823 422 893 fita
434 825 652 920 neptibusque
664 823 812 894 confecta
827 851 835 892 ε
853 825 954 918 togis,
972 849 1079 918 neque

83 941 227 1026 restrictis,
250 965 359 1036 neque
381 941 487 1012 fusis:
511 940 621 1030 clavo,
642 965 705 1010 nec*
724 941 809 1030 lato,
829 966 889 1011 nec
911 957 1079 1036 angusto:

83 1058 276 1146 ulciarnentis
293 1059 494 1148 altiusculis,
517 1075 555 1128 ut
575 1060 744 1153 procerior
766 1085 865 1154 quam
890 1074 976 1148 erat,
993 1061 1082 1132 vide·

83 1193 161 1246 rcurr.
177 1182 219 1248 Et
235 1177 377 1248 forensia
396 1193 505 1247 autem
522 1192 555 1246 et
573 1177 696 1247 calceos
715 1175 884 1272 nunquam
907 1204 975 1247 non
995 1179 1083 1248 intra

83 1295 244 1366 cubiculum
266 1297 400 1383 hahuit,
417 1296 460 1364 ad
482 1292 608 1365 subitos
630 1298 884 1391 repentinosque
908 1321 1002 1365 casus
1025 1322 1083 1390 pa-

82 1429 144 1484 rata

33 1553 37 1566 ·
116 1537 257 1605 LXXIV.
287 1535 532 1606 Conuiuabatur
550 1549 583 1604 et
602 1535 751 1622 assidue,
774 1559 835 1604 nec
855 1559 1001 1630 unquam
1021 1537 1084 1605 nisi

81 1669 167 1742 recta,
188 1679 256 1724 non
281 1655 351 1722 sine
371 1679 493 1749 magno
515 1654 670 1723 ordinum
693 1655 929 1746 hominumque
952 1653 1084 1725 dilectu.

80 1774 212 1844 Valerius
240 1772 381 1842 Messala
409 1773 526 1859 tradit,
553 1774 718 1840 neminem
743 1796 889 1866 unquam
917 1771 1086 1842 libertino·

80 1919 140 1962 mn
155 1893 337 1962 adhibitum
353 1891 394 1960 ab
411 1915 451 1960 eo
467 1913 584 1978 coenae,
603 1905 739 1984 excepto
756 1893 873 1978 Mena,
890 1891 946 1960 sed
964 1907 1088 1962 asserto

81 2014 107 2080 in
125 2013 377 2108 ingenuitatem,
399 2023 475 2103 post
495 2007 659 2104 proditam
680 2010 752 2078 Sex.
776 2011 922 2105 Pompeii
940 2008 1086 2080 classem.

80 2135 140 2225 lpse
154 2131 283 2215 scribit,
298 2131 450 2197 invitasse
464 2152 497 2198 se
515 2127 705 2221 quemdam,
722 2129 756 2196 in
773 2128 868 2220 cnjus
883 2127 961 2197 villa
975 2153 1087 2198 ruane·
1201 2219 1203 2224 λ

79 2265 133 2338 ret,
148 2251 204 2344 qui
222 2245 408 2343 speculator
425 2272 503 2316 suus
519 2246 598 2315 olim
615 2246 738 2316 fuisset.
758 2249 918 2318 Convivia
935 2273 1089 2318 nonnun-

79 2393 163 2461 quam
185 2382 218 2434 et
239 2368 345 2434 serius
368 2365 488 2458 inibat,
509 2379 543 2434 et
564 2367 725 2434 maturius
745 2364 966 2459 relinquebat3
985 2391 1088 2460 quum

79 2489 210 2556 convivae
223 2501 259 2553 et
272 2509 401 2553 coenare
416 2485 612 2578 inciperent,
632 2485 821 2577 priusquam
839 2483 894 2552 ille
909 2483 1091 2554 discumbe·

78 2620 133 2692 ret,
147 2620 178 2674 et
193 2617 440 2699 permanerent,
455 2601 600 2696 digresso
613 2627 661 2672 eo.
677 2607 811 2672 Coenam
825 2604 925 2670 ternis
942 2601 1090 2686 ferculis,

77 2740 142 2812 ant,
169 2748 276 2818 quum
308 2721 606 2804 abundantissime,
635 2722 720 2788 senis
749 2716 933 2814 praebebat,
961 2734 999 2788 ut
1025 2745 1091 2788 non

76 2845 167 2912 nimio
188 2855 344 2935 sumptu,
363 2841 409 2908 ita
435 2863 562 2908 summa
586 2840 748 2908 comitate.
776 2841 862 2908 Nam
878 2852 913 2906 et
938 2837 979 2906 ad
1005 2862 1094 2908 eom·

75 2967 256 3033 munionem
277 2959 437 3030 sermonis
458 2971 602 3027 tacentes
619 2955 670 3025 vel
690 2958 889 3026 summissim
910 2955 1092 3025 fabulantes

76 3082 287 3174 provocabat,
310 3093 343 3150 rt
362 3091 420 3146 aut
439 3091 624 3145 acroamata
644 3091 678 3144 et
699 3075 893 3164 histriones,
917 3077 1091 3145 autetiam

75 3198 212 3269 triuiales
239 3223 281 3267 ex
307 3198 394 3265 circo
420 3193 528 3263 ludios
552 3193 799 3288 interponebat,
823 3201 871 3262 ac'
890 3193 1094 3286 frequentius

74 3317 263 3412 aretalogos.

115 3439 255 3506 LXXV.
282 3439 394 3503 Festos
416 3450 449 3502 et
473 3431 634 3522 solemnes
656 3431 724 3499 dies
746 3429 984 3524 profusissime,
1009 3454 1093 3498 non·

75 3576 244 3649 nunquam
262 3569 392 3622 tantum
408 3549 619 3647 joculariter,
636 3549 829 3618 celebrabat.
849 3546 1095 3634 Saturnalibus,

72 3689 102 3740 et
125 3672 310 3768 siquando
336 3671 414 3742 alias
440 3671 606 3758 libuisset,
630 3669 728 3738 modo
751 3691 888 3737 munera
911 3666 1096 3752 dividebat,

73 3808 213 3882 vestem,
231 3809 265 3862 et
284 3817 417 3880 aurum,
434 3806 469 3860 et
484 3805 657 3885 argentum
676 3815 684 3858 ε
703 3787 803 3856 modo
821 3807 972 3854 nummos
991 3787 1097 3854 omnis

74 3926 179 4000 nom,
210 3913 307 3981 etiam
334 3925 461 3980 veteres
485 3910 592 4003 regios
618 3932 657 3976 ac
682 3907 871 4002 peregrinos
896 3930 904 3972 :
931 3903 1097 3972 interdum

75 4027 159 4095 nilril
173 4045 291 4122 praeter
306 4030 411 4099 cilicia
429 4041 462 4096 et
476 4030 643 4122 spongias,
660 4040 693 4095 et
710 4022 876 4106 rutabula,
894 4036 927 4092 et
942 4022 1097 4116 forpices,

225 4172 246 4214 ι.
439 4173 455 4194 ³
899 4151 918 4218 7
