3114 5446
527 843 743 948 NERO.

571 1163 703 1182 t*—

128 1415 150 1478 1.
174 1353 254 1482 Ex
278 1427 374 1506 gente
396 1415 543 1482 Domitia
561 1413 633 1483 duae
655 1413 786 1483 familia
810 1414 1017 1507 claruerunt,
1036 1420 1146 1490 Calvi-

128 1555 264 1618 uorum,
282 1545 315 1598 et
335 1531 605 1600 AEnobarborum.
619 1534 798 1602 AEnobarbi
812 1551 977 1605 auctorem
996 1539 1144 1634 originis,

128 1651 266 1742 itemque
292 1652 514 1744 cognominis,
541 1651 663 1720 habent
683 1655 721 1721 L.
742 1655 924 1723 Domitium
950 1683 958 1724 :
986 1660 1039 1727 cui
1071 1685 1147 1729 rure

128 1767 290 1858 qnondam
308 1771 483 1838 revertenti
499 1771 636 1862 juvenes
653 1773 773 1864 gemini
786 1775 973 1868 augustiore
989 1777 1094 1847 forma
1109 1805 1148 1848 ex

128 1911 263 1955 occursu
283 1888 459 1980 imperasse
481 1888 669 1975 traduntur,
689 1893 858 1960 nunciaret
876 1897 1003 1963 senatui
1027 1921 1065 1964 ac
1086 1923 1147 1991 po·

127 2004 202 2098 pulo
222 2006 416 2092 victoriam,
434 2005 474 2073 de
490 2001 556 2098 qua
581 2007 740 2075 incertum
761 2009 869 2078 adhuc
887 2026 957 2080 erat
974 2039 982 2079 ε
1000 2028 1098 2108 atque
1113 2017 1147 2084 in

128 2123 222 2192 fidem
242 2124 420 2216 majestatis
440 2124 521 2192 adeo
533 2123 740 2217 permulsisse
757 2127 877 2215 malas,
896 2143 932 2196 ut
952 2155 970 2198 e
987 2133 1082 2225 nigro
1094 2159 1149 2201 ru-

126 2242 216 2310 tilum
226 2244 348 2336 aerique
365 2243 537 2312 assimilem
552 2243 705 2338 capillum
715 2245 897 2316 redderent.
909 2250 1008 2337 Quod
1022 2253 1149 2345 insigne
1197 2289 1203 2298 ·

128 2365 242 2429 mansit
261 2377 294 2430 et
312 2364 345 2430 in
367 2364 505 2455 posteris
525 2364 614 2455 ejus,
635 2389 672 2432 ac
689 2389 808 2457 magna
827 2391 902 2459 pars
926 2368 1025 2438 rutila
1047 2370 1149 2440 barba

129 2479 267 2549 luerunt.
290 2483 406 2549 Functi
428 2495 536 2549 autem
558 2481 781 2576 consulatibus
797 2501 941 2578 septem,
962 2489 1149 2582 triumpho,

127 2625 328 2691 censuraque
345 2599 487 2693 duplici,
504 2615 536 2668 et
549 2602 633 2669 inter
649 2603 804 2693 patricios
824 2602 946 2691 allecti,
967 2631 1149 2698 persevera·

126 2735 200 2787 runt
224 2743 338 2786 omnes
363 2721 396 2786 in
424 2719 539 2786 eodem
571 2721 776 2814 cognomine.
803 2723 851 2788 Ac
882 2746 923 2788 ne
949 2724 1150 2814 praenomina

127 2839 257 2930 quidem
281 2838 368 2927 ulla,
391 2853 609 2932 preterquam
634 2839 716 2906 Cnei
741 2853 773 2906 et
787 2840 908 2922 'Lucii,
928 2857 1149 2933 usurparunt3

124 2983 223 3053 eaque
239 2961 311 3052 ipsa
327 2957 464 3026 notabili
480 2959 655 3047 varietate,
671 2957 768 3026 modo
783 2959 1010 3028 continuantes
1028 2985 1148 3028 unum-

125 3079 278 3171 quodque
296 3103 356 3172 per
374 3079 477 3146 trinas
490 3101 661 3170 personas,
678 3077 777 3145 modo
796 3076 992 3146 alternantes
1007 3105 1066 3172 per
1084 3081 1146 3147 sin·
1172 3134 1173 3138 ,

126 3196 229 3290 gulas.
251 3200 338 3266 Nam
358 3199 501 3292 primum
520 3197 765 3291 secundumque
780 3222 818 3266 ac
837 3199 968 3267 tertium
987 3201 1149 3268 AEnobar-

124 3316 244 3384 borum
268 3319 406 3404 Lucios3
428 3329 601 3408 sequentes
623 3341 735 3384 rursus
759 3331 824 3384 tres
845 3343 886 3385 ex
907 3318 1023 3386 ordine
1044 3321 1150 3388 Cncos

125 3441 330 3531 accepimus;
348 3435 491 3530 reliquos
512 3435 642 3504 nonnisi
661 3437 823 3522 vicissim,
842 3452 912 3504 turn
928 3439 1061 3523 Lucios,
1079 3451 1149 3505 turn

106 3535 243 3624 tineos.
265 3555 379 3624 Plures
402 3580 420 3624 e
440 3553 562 3623 familia
588 3557 739 3649 cognosci
767 3555 887 3624 referre
904 3555 1060 3640 arbitror,
1083 3579 1149 3647 quo

125 3672 255 3744 facilius
280 3689 455 3768 appareat,
472 3675 518 3742 ita
538 3674 748 3768 degenerasse
768 3697 787 3742 a
811 3697 946 3743 suorum
972 3673 1150 3742 virtutibus

123 3795 234 3878 Nero,
245 3809 284 3862 nt
297 3809 406 3862 tamen
418 3794 498 3860 vitia
511 3793 685 3885 cujusque,
701 3793 793 3885 quasi
809 3787 929 3861 tradita¹
942 3807 975 3860 et
991 3792 1150 3884 ingenita,

123 3911 285 3981 retulerit.

172 4034 216 4099 11.
243 4035 291 4102 Ut
312 4033 415 4127 igitur
431 4032 531 4126 paulo
556 4033 652 4102 altius
674 4047 840 4128 repetam,
860 4046 974 4100 atavus
997 4033 1066 4123 ejus
1087 4033 1148 4101 Cn.

123 4155 290 4221 Domitius
302 4154 337 4222 in
349 4153 520 4222 tribunatu
533 4153 743 4245 pontificibus
756 4152 921 4240 offensior,
938 4150 1025 4244 quod
1035 4149 1149 4236 alium,
