3114 5446
421 505 477 564 218
824 507 854 562 C.
876 507 1052 564 sUltuoutt

419 632 564 720 dotibus,
580 631 741 700 neminem
753 631 816 700 nisi
829 633 960 724 juratus
976 631 1179 714 nominavit;
1196 631 1438 724 obseruauitque

420 749 551 838 sedulo,
572 764 609 820 ut
626 750 756 843 quoties
777 757 869 820 terra'
883 751 918 819 in
934 750 1026 820 Urbe
1045 751 1213 840 movisset,
1232 748 1328 820 ferias
1346 749 1440 820 advo·

421 884 494 942 cata
509 872 667 940 concione
683 883 806 962 praetor
817 868 995 958 indiceret3
1011 884 1131 964 utque,
1147 869 1220 938 dira
1235 871 1287 940 avi
1305 871 1338 939 iu
1355 870 1441 940 Urbe

420 1004 479 1060 aut
505 991 540 1058 iu
564 987 731 1084 Capitolio
756 991 845 1076 visa,
868 989 1052 1060 obsecratio
1079 990 1279 1077 haberetur,
1307 1013 1439 1082 eamque

422 1112 490 1202 ipse
505 1111 581 1204 jure
594 1109 729 1182 maximi
747 1108 925 1203 pontificis,
941 1111 1147 1180 commonito
1162 1134 1223 1204 pro
1238 1109 1367 1180 Rostris
1389 1133 1442 1202 po

423 1227 515 1322 pulo,
542 1230 687 1323 praeiret,
713 1242 942 1321 summotaque
961 1231 1189 1324 operariorum
1211 1253 1443 1321 servorumque

422 1347 527 1416 turba.
568 1395 570 1402 -

469 1469 594 1536 XXIII.
625 1473 753 1540 Rerum
780 1483 912 1556 actum,
939 1469 1081 1538 divisum
1105 1481 1201 1538 autea
1228 1469 1263 1536 in
1296 1467 1445 1546 hibernos

420 1587 613 1680 murosque
635 1611 779 1676 menses,
806 1589 987 1683 conjunxit.
1012 1587 1279 1658 iurisdietionem
1305 1588 1347 1656 de
1375 1587 1445 1656 lidei

420 1707 616 1796 commissis,
642 1709 821 1800 quotannis
840 1721 874 1777 et
895 1722 1025 1778 mutum
1045 1709 1080 1776 in
1103 1707 1194 1776 Urbe
1213 1706 1360 1802 delegari
1381 1731 1444 1776 ma·

420 1825 611 1918 gistratibus
629 1824 774 1914 solitam,
795 1829 828 1896 in
848 1842 1043 1920 perpetuum
1059 1841 1157 1920 atque
1177 1827 1276 1896 ctiam
1296 1850 1356 1920 per
1373 1851 1444 1920 pro·

421 1946 544 2014 vincias
567 1947 783 2040 potestatibus
796 1945 1018 2017 demandavit.
1040 1945 1151 2041 Capiti
1172 1947 1281 2040 Papias
1300 1949 1446 2039 Poppaeae

422 2062 518 2157 legis,
535 2065 699 2134 aTiberio
714 2068 858 2154 Cesare,
879 2067 973 2158 quasi
989 2065 1190 2160 sexagenarii
1210 2089 1369 2160 generare
1384 2089 1446 2132 nou

422 2197 569 2276 possent,
588 2182 718 2272 addito,
734 2183 918 2280 abrogavit.
932 2185 1065 2273 Sanxit,
1083 2199 1121 2254 ut
1139 2182 1273 2281 pupillis
1287 2199 1389 2254 extra
1399 2209 1448 2253 or·

420 2301 531 2376 dinem
547 2317 673 2374 tutores
693 2328 713 2374 a
732 2302 926 2374 consulibus
941 2304 1114 2388 darentur,
1136 2319 1237 2398 utque
1254 2304 1308 2390 hi,
1326 2305 1446 2397 quibus

422 2447 441 2490 a
457 2421 699 2516 magistratibus
718 2425 896 2518 provincia
907 2423 1197 2512 interdicerentur,
1211 2423 1303 2493 Urbe
1316 2447 1451 2516 quoque

422 2557 454 2612 et
481 2541 576 2614 ltalia
599 2559 896 2614 summovereotur.
920 2547 994 2638 lpse
1011 2542 1171 2636 quosdam
1193 2567 1280 2612 novo
1299 2541 1450 2637 exemplo

422 2660 598 2756 relegavit,
625 2678 662 2732 ut
682 2662 769 2732 ultra
793 2660 937 2757 lapidem
962 2664 1097 2732 tertium
1121 2677 1245 2732 vetaret
1272 2661 1388 2757 egredi
1411 2663 1454 2731 ab

423 2779 523 2851 Urbe.
542 2785 594 2852 De
610 2784 733 2876 majore
746 2784 880 2877 negotio
894 2799 1027 2853 aeturus
1043 2784 1077 2852 in
1092 2785 1209 2872 Curia,
1226 2783 1356 2852 medius
1371 2784 1455 2852 inter

422 2899 593 2970 consulum
615 2900 726 2989 sellas,
747 2903 924 2972 tribunicio
944 2901 1099 2972 subsellio
1118 2902 1261 2974 sedebat.
1277 2905 1456 2972 Commea-

392 3057 395 3064 ·
423 3027 492 3107 tus,
508 3044 528 3088 a
543 3034 657 3088 senatu
678 3021 744 3114 peti
759 3019 889 3107 solitos,
906 3021 1056 3092 beneficii
1073 3025 1124 3094 sui
1144 3023 1231 3092 fecit.

471 3141 595 3209 xxiv.
616 3145 820 3212 Ornameuta
847 3141 1032 3212 consularia
1057 3144 1155 3212 etism
1179 3143 1457 3238 procuratoribus

424 3259 607 3328 ducenulis
633 3259 779 3330 indulsit.
812 3264 1019 3332 Senatorium
1044 3263 1239 3358 dignitatem
1268 3263 1456 3332 recusanti·

423 3379 501 3466 bus,
515 3393 701 3472 equestrem
716 3405 850 3474 quoque
864 3381 997 3451 ademit
1012 3385 1131 3452 latum
1147 3381 1289 3470 clavum,
1299 3383 1462 3476 quamvis

424 3499 519 3568 initio
532 3499 741 3588 affirmasset,
760 3527 829 3570 non
848 3500 1011 3572 lecturum
1027 3497 1277 3588 scaenarum,
1293 3504 1362 3572 nisi
1376 3503 1463 3572 civis

424 3619 550 3688 romani
567 3619 779 3713 abnepotem,
792 3623 890 3689 etiam
909 3621 1053 3691 libertini
1071 3619 1139 3690 filio
1160 3621 1295 3711 tribuit,
1314 3623 1380 3692 sed
1398 3622 1462 3691 sub
1483 3701 1486 3712 ι

424 3737 627 3826 conditione,
649 3741 676 3808 si
698 3741 790 3834 prius
807 3741 850 3810 ab
865 3743 977 3834 equite
997 3765 1136 3810 romano
1156 3741 1336 3835 adoptatus
1357 3716 1485 3813 essetf

424 3865 473 3930 Ao
490 3861 537 3928 sic
562 3861 693 3956 quoque
715 3862 1000 3956 reprehensionem
1024 3885 1158 3950 verens,
1187 3863 1285 3931 etiam
1304 3854 1461 3958 Appium

425 3983 555 4050 cecum
574 4007 760 4068 censorem,
780 3983 907 4076 generis
926 3985 982 4052 sui
997 3995 1248 4076 proauotorem,
1275 3957 1489 4054 libertino·¹

426 4125 498 4168 nun
519 4099 602 4172 filios
620 4104 652 4170 in
671 4116 818 4170 senatuum
832 4099 979 4194 adlegisse
995 4101 1129 4190 docuit;
1147 4104 1301 4193 ignarus.
1327 4119 1466 4200 tempo·
