3098 5446
554 471 674 528 TITUS.
1095 472 1137 532 ,55

96 596 189 684 culo,
207 596 287 666 dum
303 595 344 666 de
360 595 571 690 navigatione
585 592 746 679 consulit,
765 595 865 666 etiam
883 593 925 676 de
937 594 1067 692 imperii
1082 619 1141 690 spe

96 717 312 790 confirmatus
330 731 390 786 est.
408 704 515 810 Cujus
535 715 626 786 brevi
647 729 805 810 compos,
824 730 858 785 et
874 713 917 786 ad
936 714 1137 811 perdoman-

95 839 170 910 dam
182 838 332 916 Judaeam
346 835 500 922 relictus,
519 839 698 908 novissima
710 835 1018 932 Hierosolymorum
1033 861 1142 932 oppu-

96 961 273 1056 gnatione,
288 984 341 1032 ιιι
356 973 623 1054 propugnatores
638 957 777 1028 totidem
787 960 983 1054 sagittarum
994 960 1138 1030 confecit

95 1081 235 1166 ictibus;
264 1080 417 1175 cepitque
439 1103 512 1148 eam
536 1077 637 1147 natali
664 1077 738 1148 filiae
760 1103 846 1166 suae,
873 1093 967 1150 tanto
989 1077 1133 1150 militum

94 1199 218 1298 gaudio
233 1225 272 1270 ac
289 1199 422 1286 favore,
447 1213 483 1268 ut
500 1199 534 1268 in
556 1197 780 1295 gratulatione
805 1201 1040 1293 imperatorem
1061 1225 1138 1270 eum

93 1320 396 1407 consalutauerint,
416 1335 450 1389 et
467 1319 609 1390 subinde
625 1318 838 1390 decedentem
857 1320 1030 1413 provincia
1049 1319 1134 1390 deti-

94 1443 248 1524 nuerint,
268 1437 472 1535 suppliciter,
490 1464 552 1509 nec
571 1464 637 1508 non
657 1455 691 1510 et
709 1441 885 1510 minaciter
900 1438 1139 1534 efflagitantes,

93 1578 182 1634 aaut
196 1577 400 1649 remaneret,
421 1575 479 1630 aut
502 1585 615 1630 secum
641 1585 758 1630 omues
777 1562 903 1655 pariter
921 1559 1142 1630 abduceret.»

94 1681 195 1752 Unde
208 1697 286 1766 nata
300 1681 446 1775 suspicio
460 1695 528 1767 est,
542 1682 636 1774 quasi
654 1680 838 1750 desciscere
853 1705 871 1748 a
888 1694 1000 1773 patre,
1019 1681 1140 1750 Orien-

94 1806 203 1898 tisque
220 1825 360 1897 reguum
376 1802 438 1870 sibi
459 1800 629 1872 vindicare
647 1815 815 1874 tentasset.
835 1801 950 1889 Quam
971 1777 1136 1894 suspicio·

93 1947 169 1992 uem
197 1923 309 2010 auxit,
336 1935 513 2016 postquam
540 1919 775 1992 Alexandriam
803 1935 934 2015 petens,
964 1923 998 1989 in
1023 1945 1138 1992 conse·

92 2043 221 2114 craudo
237 2041 327 2138 apud
347 2042 529 2136 Memphim
552 2042 638 2110 bove
655 2042 718 2136 Api
738 2041 891 2112 diadema
908 2043 1048 2138 gestavit
1069 2069 1077 2111 :
1097 2041 1139 2111 de

94 2187 186 2234 mote
198 2161 333 2257 quidem
347 2164 479 2257 rituque
495 2163 609 2257 priscae
620 2160 808 2256 religionis;
829 2161 967 2232 sednon
983 2163 1139 2252 deerant,

92 2287 148 2379 qui
165 2309 264 2354 secus
281 2261 589 2378 interpretarentur.
610 2284 725 2372 Quare
750 2282 908 2354 festinans
932 2285 966 2354 in
988 2281 1140 2372 Italiam,

91 2429 197 2498 quum
218 2404 407 2499 Rhegium,
427 2402 505 2474 dein
525 2401 703 2492 Puteolos,
719 2405 871 2473 oneraria
890 2429 974 2472 nave
991 2403 1146 2499 appulis-

91 2538 160 2609 set,
190 2527 334 2594 Romam
353 2523 430 2597 inde
454 2523 625 2594 contendit
642 2523 908 2619 expeditissimus
932 2526 1140 2618 inopinanti-

90 2669 156 2738 que
179 2645 289 2740 patri,
310 2641 401 2714 velut
421 2667 565 2738 arguens
584 2667 758 2712 rumorum
778 2643 819 2712 de
839 2669 872 2712 sa
893 2645 1139 2714 temeritatem:

89 2796 107 2828 a
122 2765 258 2850 vent»
277 2764 405 2856 iniquit,
425 2779 557 2857 «pater,
578 2765 662 2832 veui.
675 2793 691 2827 u

138 2888 201 2956 vt
213 2885 330 2978 Neque
342 2908 383 2952 ex
394 2907 434 2952 eo
446 2882 586 2970 destitit,
603 2867 799 2979 participem
815 2899 916 2977 atque
930 2885 1031 2952 etiarn
1048 2899 1137 2954 tuto-

89 3030 162 3075 rem
182 3005 314 3098 imperii
333 3029 442 3100 agere.
464 3004 698 3098 Triumphavit
717 3029 793 3072 cum
817 3019 927 3098 patre,
946 3025 1138 3074 censuram·

89 3126 274 3220 quagessit
288 3149 365 3194 una.
382 3121 645 3220 Eidem'collega
663 3138 695 3192 et
712 3126 746 3192 iu
764 3125 943 3194 tribunicia
960 3138 1140 3219 potestate,

88 3264 122 3317 ot
146 3250 181 3316 in
198 3262 326 3341 septem
342 3246 570 3316 consulatibus
592 3245 665 3316 luit.
688 3250 902 3342 Receptaque
920 3247 962 3316 ad
981 3271 1016 3317 se
1034 3273 1140 3343 prope

86 3369 244 3438 omnium
255 3366 444 3438 officiorum
455 3393 551 3456 cura,
562 3393 665 3461 quum
679 3370 781 3463 patris
794 3370 928 3438 nomine
938 3384 971 3438 et
982 3367 1140 3463 epistolas

88 3493 165 3584 ipse
179 3489 340 3576 dictaret,
354 3503 388 3560 et
401 3489 509 3558 edicta
523 3489 763 3575 conscriberet,
781 3490 1016 3582 orationesque
1035 3492 1067 3558 in
1093 3515 1142 3558 se·

86 3624 177 3680 natu
194 3609 347 3680 recitaret
365 3610 464 3678 etiam
484 3610 657 3702 quaestoris
680 3611 765 3695 vice,
790 3607 1022 3703 praefecturam
1056 3635 1140 3702 quo·

85 3754 159 3823 que
181 3730 326 3824 praetorii
345 3731 509 3823 suscepit,
529 3754 702 3823 nunquam
722 3729 765 3798 ad
786 3730 820 3800 id
840 3741 993 3824 tem'pus,
1014 3731 1077 3800 uisi
1097 3730 1139 3798 ab

85 3851 207 3944 equite
225 3874 364 3920 romano
387 3849 674 3940 administratam
699 3853 833 3946 egitque
858 3850 1030 3945 aliquanto
1055 3851 1140 3919 inci·

85 3974 196 4044 vilius
211 3989 244 4044 et
262 3973 448 4046 violentius.
467 3974 637 4068 Siquidem
658 3977 942 4069 suspectissimum
966 3995 1134 4065 quemque

84 4098 179 4184 sibi,
190 4099 389 4184 summissis,
407 4099 464 4189 qui
477 4121 536 4191 per
550 4095 679 4164 theatra
694 4111 727 4164 et
738 4109 844 4165 castra
862 4094 956 4187 quasi
977 4115 1140 4162 consensu
