3114 5446
513 483 709 578 mucuns.
1073 492 1127 563 169

120 615 257 682 immisse
272 636 307 679 se
322 635 396 678 cum
415 612 558 705 pugione
576 610 765 680 cubiculum
778 612 899 680 Tiberii
917 612 1125 703 dormientis,

116 729 387 821 ct,miserioordia
398 745 601 825 correptum,
616 733 744 824 abjecto
759 731 849 800 ferro
863 735 1051 802 recessisse:
1066 759 1127 802 nec

115 853 213 938 ilium,
235 873 439 943 quamquam
461 851 632 936 sensisset,
655 863 712 918 eut
737 850 903 944 inquirere
929 852 1124 946 quicquum,

115 988 160 1040 aut
175 971 311 1063 exsequi
330 993 458 1038 ausum.
475 999 493 1033 n

35 1152 38 1158 .
150 1093 237 1158 XIII.
256 1090 311 1158 Sic
324 1090 499 1181 imperium
514 1087 667 1182 adeptus,
682 1086 843 1181 populum
862 1109 1055 1178 romanum,
1070 1089 1124 1159 vel

114 1209 202 1277 dicam
217 1201 395 1276 hominum
411 1231 531 1300 genus,
548 1207 614 1274 voti
633 1220 819 1300 compotem
837 1206 930 1294 iecit,
947 1210 1125 1302 exoptatis-

114 1329 198 1394 simus
212 1326 367 1420 princeps
379 1325 530 1394 maximoe
542 1323 628 1418 parti
643 1323 894 1418 provincialium
911 1349 949 1394 ec
963 1325 1122 1426 militum,

112 1445 186 1538 quod
211 1444 374 1513 infantem
394 1442 543 1538 plerique
564 1457 805 1537 cognoverant3
827 1442 882 1512 sed
907 1459 943 1513 et
964 1447 1124 1516 universes

112 1563 184 1656 plebi
195 1563 334 1632 urbane
346 1563 389 1631 ob
402 1563 593 1632 memorium
607 1562 797 1631 Germanici
812 1564 930 1656 patris,
940 1564 1133 1646 miseratio,

112 1707 239 1775 nemque
252 1705 358 1776 prope
370 1680 498 1749 nffliotoe
511 1680 637 1748 domus.
651 1685 768 1772 Itaque
779 1693 816 1747 ut
830 1703 849 1748 a
861 1681 991 1750 Miseno
1004 1685 1125 1770 movit,

113 1804 250 1893 quamvis
271 1798 413 1894 lugentis
433 1797 569 1885 habitu,
593 1814 626 1867 ct
645 1797 743 1867 funus
762 1799 884 1867 Tiberii
904 1825 1123 1894 prosequens,

113 1935 210 1988 nmen
229 1922 316 1987 inter
329 1918 443 1986 ultoria
459 1933 493 1987 et
508 1920 671 2005 victimas,
688 1917 902 2013 ardentesque
920 1920 1025 2006 tedas,
1042 1920 1122 1990 den·

111 2039 227 2107 sissimo
253 2053 288 2107 et
314 2036 478 2106 lectissimo
501 2020 675 2108 obviorum
701 2039 830 2132 agmine
854 2040 1003 2126 incessit,
1027 2065 1125 2134 super

111 2155 206 2224 inusta
224 2158 337 2225 omine
354 2155 448 2226 stilus
471 2169 501 2224 et
519 2155 652 2252 pullum
676 2171 709 2226 et
723 2179 879 2254 puppum
897 2172 930 2226 ct
951 2158 1123 2228 alrtmnum

109 2273 350 2367 appellantium.

149 2397 237 2463 XIV.
263 2399 481 2488 ingressoque
506 2395 652 2482 Urbem,
676 2399 786 2465 stntinr
809 2423 968 2466 consensu
994 2412 1124 2468 senatus

109 2526 135 2577 et
147 2514 362 2606 irrumpentis
375 2515 408 2580 in
429 2516 554 2594 curiam
568 2515 686 2602 turbae,
699 2517 791 2584 irrite
803 2518 925 2585 Tiberii
940 2516 1123 2604 voluntate,

108 2633 155 2720 qni
178 2646 378 2700 testamento
406 2630 545 2701 alterum
569 2650 724 2728 nepotem
750 2660 868 2724 suum,
896 2651 1124 2729 praetextutum

106 2749 221 2839 adhuc,
235 2751 431 2820 coheredem
448 2753 477 2820 ei
495 2751 643 2841 dederat,
655 2757 710 2848 jus
723 2755 961 2848 arbitriumque
975 2757 1125 2823 omnium

105 2893 208 2937 rernm
221 2869 273 2938 illi
287 2870 481 2964 permissum
496 2885 563 2958 est,
580 2887 670 2940 tanta
686 2872 818 2966 publica
833 2871 957 2958 laetitia,
970 2887 1006 2940 ut
1020 2873 1125 2942 tribus

103 2991 254 3080 proximis
272 2991 465 3077 mensibus,
486 3015 524 3060 ac
544 3015 585 3060 ne
607 2995 683 3062 totis
704 2992 857 3086 quidem,
877 3017 975 3086 supra
993 3008 1125 3062 centurn

105 3111 269 3203 sexaginta
303 3107 407 3177 millia
439 3113 648 3180 victimarum
683 3135 764 3180 caesa
795 3111 976 3179 tradantur.
1012 3113 1125 3200 Quum

103 3226 220 3296 deinde
242 3253 365 3323 paucos
384 3245 458 3322 post
476 3229 545 3298 dies
561 3231 595 3297 in
613 3232 778 3324 proximas
798 3232 985 3323 Campaniae
1002 3229 1125 3299 insulas

102 3346 297 3437 trajecisset,
314 3362 391 3416 vota
410 3373 472 3440 pro
491 3348 600 3416 reditu
617 3365 767 3442 susceptu
784 3362 876 3436 sunt;
895 3373 937 3416 ne
956 3349 1125 3417 minimam

102 3465 235 3554 quidem
258 3468 464 3535 occasionem
488 3489 655 3560 quoquam
675 3469 846 3536 omittente
866 3469 901 3534 in
923 3466 1125 3536 testificanda

100 3581 325 3654 sollicitudine
347 3600 381 3654 et
403 3611 483 3654 cure
506 3585 547 3654 de
571 3585 795 3656 incolumitate
820 3587 899 3680 ejus.
918 3590 965 3655 Ut
989 3611 1065 3654 vero
1091 3588 1125 3654 in

99 3700 274 3772 adversam
299 3702 518 3774 valetudinem
547 3705 683 3790 incidit,
709 3705 977 3800 pernoctantibus
999 3705 1125 3773 cunctis

99 3823 186 3890 circa
214 3819 396 3916 palatium,
417 3848 485 3908 non
509 3823 703 3912 definerunt,
724 3826 801 3917 qui,
825 3824 1069 3918 depugnaturos
1091 3845 1126 3890 se

96 3941 201 4008 ermis
220 3965 285 4034 pro
301 3941 405 4011 seluto
423 3944 521 4036 regri,
539 3945 662 4038 quique
680 3946 788 4037 cupita
807 3969 865 4012 sua
885 3941 982 4010 titulo
1002 3965 1125 4035 propo-

96 4059 158 4126 sito
187 4075 358 4129 voverent.
386 4064 527 4131 Accessit
552 4063 594 4130 ed
620 4065 813 4131 immensum
838 4063 958 4132 civium
981 4087 1124 4130 amorem
