3108 5434
447 499 484 550 86
852 494 882 550 C.
904 495 1079 554 suumuu

446 632 667 690 assurrectum
680 619 722 696 ab
738 620 900 688 universis
916 620 950 688 in
967 620 1113 706 theatro,
1125 633 1159 689 et
1173 641 1193 686 a
1209 617 1372 686 stantibus
1386 614 1477 712 plau-

445 763 539 827 sum,
559 739 749 832 gravissime
767 753 903 832 questus
923 755 983 808 est.
1001 740 1134 810 Amicos
1152 739 1199 808 ita
1215 761 1353 832 magnos
1369 751 1402 806 et
1418 761 1478 830 po-

445 873 551 931 tentes
571 859 754 928 incivitate
772 883 842 928 esse
862 855 989 947 voluit,
1008 873 1045 928 ut
1065 873 1175 930 tamen
1194 858 1266 952 pari
1280 857 1356 951 jure
1371 871 1481 926 essent

444 1001 511 1070 quo
523 979 638 1064 ceteri,
650 975 843 1072 legibusque
849 977 1034 1072 judiciariis
1045 1001 1137 1072 teque
1147 989 1350 1046 tenerentur.
1363 975 1478 1064 Quum

442 1098 607 1190 Asprenas
627 1097 779 1185 Nonius,
802 1099 906 1168 artius
926 1099 957 1166 ei
976 1098 1133 1191 junctus,
1152 1120 1285 1166 causam
1306 1095 1477 1182 veneficii,

443 1230 617 1284 accusante
641 1217 756 1286 Cassio
782 1220 925 1304 Severo,
950 1216 1093 1302 diceret;
1115 1213 1282 1284 consuluit
1305 1227 1476 1299 senatum,

443 1335 522 1428 quid
536 1335 634 1406 officii
650 1337 701 1406 sui
711 1351 843 1430 putaret
860 1338 1068 1408 :rCunctari
1080 1337 1168 1406 euim
1184 1359 1234 1422 se,
1246 1357 1303 1420 ue,
1320 1335 1347 1404 si
1365 1357 1476 1428 super·

442 1471 540 1544 esset,
559 1457 699 1552 eriperet
724 1457 853 1552 legibus
878 1483 986 1542 reum3
1009 1459 1059 1528 sin
1080 1457 1221 1544 deesset,
1242 1453 1420 1526 destituere
1439 1479 1476 1523 ac

441 1577 665 1669 praedamnare
678 1579 821 1648 amicum
833 1579 1110 1648 existimaretur.»
1123 1580 1182 1664 Et,
1195 1573 1475 1646 consentientibus

441 1699 619 1784 universis,
642 1698 727 1768 sedit
750 1701 784 1768 in
807 1697 969 1768 subselliis
989 1723 1048 1792 per
1069 1695 1198 1790 aliquot
1220 1696 1336 1783 hores3
1360 1720 1475 1764 verum

441 1819 575 1902 tacitus,
592 1842 630 1886 ac
646 1843 687 1887 ne
704 1817 893 1890 laudatione
907 1818 1042 1912 quidem
1053 1815 1200 1911 judiciali
1218 1817 1304 1886 data.
1321 1814 1428 1886 struit
1443 1831 1476 1883 et

441 1935 634 2006 clientibus:
648 1939 732 2008 sicut
744 1941 895 2008 Scutario
909 1938 1056 2024 cuidam,
1068 1951 1204 2008 evocato
1217 1935 1385 2030 quondam
1398 1959 1476 2016 suo,

441 2058 498 2147 qui
524 2055 753 2149 postulabatur
779 2059 984 2152 iujuriarum.
1012 2060 1126 2126 Unum
1147 2056 1283 2124 omnino
1302 2081 1321 2123 e
1341 2079 1474 2123 reorum

443 2199 602 2263 numero,
631 2202 669 2246 ac
695 2203 738 2250 ue
763 2203 840 2246 eum
865 2177 1019 2271 quidem,
1045 2179 1106 2246 nisi
1135 2175 1307 2270 precibus,
1331 2175 1475 2267 eripuit,

442 2310 576 2364 exorato
604 2321 715 2368 coram
741 2297 908 2390 judicibus
936 2311 1144 2382 accusatore,
1171 2295 1389 2382 Castricium,
1417 2317 1479 2387 per

440 2439 540 2507 quem
561 2416 602 2484 de
619 2416 848 2509 conjuratione
865 2421 1015 2486 Murenae
1031 2429 1239 2510 cognoverat.

487 2537 591 2604 LVII.
620 2539 685 2606 Pro
705 2537 825 2628 quibus
845 2537 971 2606 meritis
990 2550 1117 2629 quanto
1136 2559 1236 2628 opere
1255 2533 1395 2603 dilectus
1417 2535 1477 2618 sit,

439 2653 534 2724 facile
550 2670 599 2726 cst
616 2657 811 2726 existimare.
830 2657 960 2726 Omitto
977 2655 1280 2743 senatusconsulta,
1298 2655 1375 2748 quis
1398 2679 1479 2747 pos·

438 2789 516 2844 sunt
547 2775 652 2844 videri
681 2773 732 2844 vel
765 2777 956 2846 necessitate
984 2800 1156 2870 expressa,
1185 2773 1235 2842 vel
1264 2773 1478 2844 verecundia.

438 2895 574 2986 Equites
600 2896 741 2962 Romani
772 2892 917 2967 natalem
946 2896 1017 2988 ejus
1046 2911 1163 2990 sponte
1189 2909 1287 2988 atque
1313 2917 1481 2962 consensu

437 3012 540 3082 biduo
555 3037 682 3106 semper
699 3011 918 3084 celebrarunt.
935 3017 1059 3086 Omnes
1072 3015 1204 3084 ordines
1219 3016 1251 3082 in
1267 3013 1374 3083 laeum
1390 3016 1484 3084 Cur·

441 3133 477 3199 tii
497 3133 675 3224 quotannis
696 3157 734 3202 ex
755 3148 833 3202 voto
854 3161 915 3228 pro
936 3133 1041 3204 salute
1063 3136 1133 3229 ejus
1156 3136 1272 3228 stipem
1288 3133 1483 3226 jaciebant:

437 3253 517 3318 item
550 3249 698 3320 kalendis
726 3253 887 3344 januariis
917 3269 1060 3324 strenam
1091 3255 1124 3322 iu
1157 3252 1344 3348 Capitolio,
1372 3255 1484 3321 etiarn

437 3371 564 3440 absenti
582 3397 589 3438 :
605 3397 642 3439 ex
657 3397 723 3464 qun
740 3397 869 3442 summa
885 3375 1116 3467 pretiosissima
1133 3378 1280 3444 Deorum
1298 3370 1486 3442 simulacra

437 3505 621 3574 mercatus,
646 3493 776 3560 vicatim
799 3493 971 3564 dedicabat
997 3521 1004 3562 :
1032 3509 1069 3564 ut
1092 3493 1280 3589 Apollinem
1303 3491 1488 3562 Sandalia-

437 3613 544 3693 rium,
568 3625 600 3677 et
621 3615 733 3679 lovem
754 3612 972 3706 Tragoedum,
997 3611 1135 3706 aliaque.
1163 3617 1201 3682 In
1229 3613 1488 3684 restitutionem

436 3727 591 3798 Palatinae
606 3729 738 3817 domus,
755 3729 906 3800 incendio
922 3732 1118 3824 absumpta,
1132 3733 1293 3820 veterani,
1310 3731 1489 3813 decuriae,

437 3847 562 3934 tribus,
586 3863 684 3942 atque
705 3851 803 3918 etiam
828 3849 1019 3944 singillatim
1044 3876 1063 3920 e
1089 3866 1198 3920 cetero
1222 3875 1341 3945 genere
1362 3851 1492 3922 bomi-

436 3989 532 4052 num,
550 3965 688 4038 libentes
705 3993 742 4036 ac
762 3993 823 4060 pro
842 3968 996 4038 facultate
1016 3971 1155 4063 quisque
1173 3971 1329 4063 pecunias
1348 3987 1490 4041 contu-

437 4080 563 4170 leruut;
583 4083 747 4156 delibante
769 4089 999 4157 tantummodo
1023 4115 1062 4157 eo
1086 4113 1289 4158 summarum
1313 4111 1493 4176 acervos,
