<?xml version="1.0" encoding="UTF-8"?>
<!DOCTYPE html PUBLIC "-//W3C//DTD XHTML 1.0 Transitional//EN"
    "http://www.w3.org/TR/xhtml1/DTD/xhtml1-transitional.dtd">
<html xmlns="http://www.w3.org/1999/xhtml" xml:lang="en" lang="en">
 <head>
  <title>
</title>
<meta http-equiv="Content-Type" content="text/html;charset=utf-8" />
  <meta name='ocr-system' content='tesseract 3.04.00' />
  <meta name='ocr-capabilities' content='ocr_page ocr_carea ocr_par ocr_line ocrx_word'/>
</head>
<body>
  <div class='ocr_page' id='page_1' title='image "./caiisuetonitran00grosgoog_0266.png"; bbox 0 0 3114 5446; ppageno 0'>
   <div class='ocr_carea' id='block_1_1' title="bbox 524 491 1144 568">
    <p class='ocr_par' dir='ltr' id='par_1_1' title="bbox 524 491 1144 568">
     <span class='ocr_line' id='line_1_1' title="bbox 524 491 1144 568; baseline 0.008 -23"><span class='ocrx_word' id='word_1_1' title='bbox 524 495 529 503; x_wconf 93' lang='lat'><em>&#39;</em></span> <span class='ocrx_word' id='word_1_2' title='bbox 577 491 686 548; x_wconf 73' lang='lat' dir='ltr'>NERO.</span> <span class='ocrx_word' id='word_1_3' title='bbox 1090 495 1144 568; x_wconf 70' lang='lat'>²37</span> 
     </span>
    </p>
   </div>
   <div class='ocr_carea' id='block_1_2' title="bbox 122 610 1147 1185">
    <p class='ocr_par' dir='ltr' id='par_1_2' title="bbox 122 610 1147 1185">
     <span class='ocr_line' id='line_1_2' title="bbox 122 610 1146 707; baseline 0.007 -26"><span class='ocrx_word' id='word_1_4' title='bbox 122 641 139 681; x_wconf 88' lang='lat' dir='ltr'>a</span> <span class='ocrx_word' id='word_1_5' title='bbox 169 612 365 697; x_wconf 86' lang='lat' dir='ltr'>Messalina,</span> <span class='ocrx_word' id='word_1_6' title='bbox 392 635 495 680; x_wconf 85' lang='lat' dir='ltr'>uxore</span> <span class='ocrx_word' id='word_1_7' title='bbox 525 610 675 700; x_wconf 82' lang='lat' dir='ltr'><strong>Claudii,</strong></span> <span class='ocrx_word' id='word_1_8' title='bbox 702 615 761 706; x_wconf 93' lang='lat' dir='ltr'>qni</span> <span class='ocrx_word' id='word_1_9' title='bbox 789 639 864 684; x_wconf 88' lang='lat' dir='ltr'>enm</span> <span class='ocrx_word' id='word_1_10' title='bbox 899 618 1146 707; x_wconf 86' lang='lat' dir='ltr'>meridiantem,</span> 
     </span>
     <span class='ocr_line' id='line_1_3' title="bbox 122 729 1145 826; baseline 0.006 -24"><span class='ocrx_word' id='word_1_11' title='bbox 122 735 210 826; x_wconf 86' lang='lat' dir='ltr'>quasi</span> <span class='ocrx_word' id='word_1_12' title='bbox 231 733 414 802; x_wconf 78' lang='lat' dir='ltr'>Britannici</span> <span class='ocrx_word' id='word_1_13' title='bbox 438 729 613 818; x_wconf 72' lang='lat' dir='ltr'>emulum,</span> <span class='ocrx_word' id='word_1_14' title='bbox 637 733 889 826; x_wconf 85' lang='lat' dir='ltr'>strangularent.</span> <span class='ocrx_word' id='word_1_15' title='bbox 912 735 1068 806; x_wconf 76' lang='lat' dir='ltr'>Additum</span> <span class='ocrx_word' id='word_1_16' title='bbox 1096 739 1145 808; x_wconf 86' lang='lat' dir='ltr'>fa·</span> 
     </span>
     <span class='ocr_line' id='line_1_4' title="bbox 122 848 1147 946; baseline 0.007 -28"><span class='ocrx_word' id='word_1_17' title='bbox 122 849 203 920; x_wconf 85' lang='lat' dir='ltr'>bulae</span> <span class='ocrx_word' id='word_1_18' title='bbox 224 865 293 935; x_wconf 87' lang='lat' dir='ltr'>est,</span> <span class='ocrx_word' id='word_1_19' title='bbox 312 849 443 918; x_wconf 84' lang='lat' dir='ltr'>eosdem</span> <span class='ocrx_word' id='word_1_20' title='bbox 460 848 603 919; x_wconf 89' lang='lat' dir='ltr'>dracone</span> <span class='ocrx_word' id='word_1_21' title='bbox 621 875 639 918; x_wconf 91' lang='lat' dir='ltr'>e</span> <span class='ocrx_word' id='word_1_22' title='bbox 656 849 792 944; x_wconf 88' lang='lat' dir='ltr'>pulvino</span> <span class='ocrx_word' id='word_1_23' title='bbox 813 877 848 922; x_wconf 88' lang='lat' dir='ltr'>se</span> <span class='ocrx_word' id='word_1_24' title='bbox 865 854 1051 946; x_wconf 87' lang='lat' dir='ltr'>proferente</span> <span class='ocrx_word' id='word_1_25' title='bbox 1069 881 1147 925; x_wconf 84' lang='lat' dir='ltr'>con·</span> 
     </span>
     <span class='ocr_line' id='line_1_5' title="bbox 123 968 1147 1066; baseline 0.006 -28"><span class='ocrx_word' id='word_1_26' title='bbox 123 972 249 1038; x_wconf 87' lang='lat' dir='ltr'>territos</span> <span class='ocrx_word' id='word_1_27' title='bbox 264 969 431 1063; x_wconf 79' lang='lat' dir='ltr'>refugisse.</span> <span class='ocrx_word' id='word_1_28' title='bbox 441 969 525 1056; x_wconf 83' lang='lat' dir='ltr'>Quae</span> <span class='ocrx_word' id='word_1_29' title='bbox 540 968 651 1042; x_wconf 82' lang='lat' dir='ltr'>fabula</span> <span class='ocrx_word' id='word_1_30' title='bbox 665 985 779 1040; x_wconf 84' lang='lat' dir='ltr'>exorta</span> <span class='ocrx_word' id='word_1_31' title='bbox 797 985 866 1058; x_wconf 92' lang='lat' dir='ltr'>est,</span> <span class='ocrx_word' id='word_1_32' title='bbox 885 972 1095 1066; x_wconf 90' lang='lat' dir='ltr'>deprehensis</span> <span class='ocrx_word' id='word_1_33' title='bbox 1111 977 1147 1044; x_wconf 90' lang='lat' dir='ltr'>in</span> 
     </span>
     <span class='ocr_line' id='line_1_6' title="bbox 124 1087 1146 1185; baseline 0.005 -29"><span class='ocrx_word' id='word_1_34' title='bbox 124 1087 201 1174; x_wconf 86' lang='lat' dir='ltr'>lecto</span> <span class='ocrx_word' id='word_1_35' title='bbox 224 1089 294 1182; x_wconf 89' lang='lat' dir='ltr'>ejus</span> <span class='ocrx_word' id='word_1_36' title='bbox 319 1090 443 1158; x_wconf 89' lang='lat' dir='ltr'>circum</span> <span class='ocrx_word' id='word_1_37' title='bbox 468 1087 638 1156; x_wconf 86' lang='lat' dir='ltr'>cervicalia</span> <span class='ocrx_word' id='word_1_38' title='bbox 659 1092 819 1184; x_wconf 85' lang='lat' dir='ltr'>serpentis</span> <span class='ocrx_word' id='word_1_39' title='bbox 836 1093 983 1175; x_wconf 73' lang='lat' dir='ltr'>exuuiis,¹</span> <span class='ocrx_word' id='word_1_40' title='bbox 994 1117 1075 1185; x_wconf 82' lang='lat' dir='ltr'>quas</span> <span class='ocrx_word' id='word_1_41' title='bbox 1094 1109 1146 1162; x_wconf 89' lang='lat' dir='ltr'>ta·</span> 
     </span>
    </p>
   </div>
   <div class='ocr_carea' id='block_1_3' title="bbox 123 1205 1371 1298">
    <p class='ocr_par' dir='ltr' id='par_1_3' title="bbox 123 1205 1371 1298">
     <span class='ocr_line' id='line_1_7' title="bbox 123 1205 1371 1298; baseline 0.01 -22"><span class='ocrx_word' id='word_1_42' title='bbox 123 1234 211 1294; x_wconf 88' lang='lat' dir='ltr'>men,</span> <span class='ocrx_word' id='word_1_43' title='bbox 224 1231 330 1276; x_wconf 74' lang='lat' dir='ltr'>aureae</span> <span class='ocrx_word' id='word_1_44' title='bbox 348 1205 481 1276; x_wconf 74' lang='lat' dir='ltr'>armillae</span> <span class='ocrx_word' id='word_1_45' title='bbox 497 1231 535 1274; x_wconf 81' lang='lat' dir='ltr'>ex</span> <span class='ocrx_word' id='word_1_46' title='bbox 550 1205 721 1276; x_wconf 80' lang='lat' dir='ltr'>voluntate</span> <span class='ocrx_word' id='word_1_47' title='bbox 736 1210 848 1278; x_wconf 89' lang='lat' dir='ltr'>matris</span> <span class='ocrx_word' id='word_1_48' title='bbox 863 1209 1020 1298; x_wconf 89' lang='lat' dir='ltr'>inclusas,</span> <span class='ocrx_word' id='word_1_49' title='bbox 1031 1212 1163 1282; x_wconf 83' lang='lat' dir='ltr'>dextro</span> <span class='ocrx_word' id='word_1_50' title='bbox 1256 1284 1259 1296; x_wconf 82' lang='grc'><strong>,</strong></span> <span class='ocrx_word' id='word_1_51' title='bbox 1365 1277 1371 1288; x_wconf 83' lang='grc'><strong>,</strong></span> 
     </span>
    </p>
   </div>
   <div class='ocr_carea' id='block_1_4' title="bbox 96 1324 1152 2964">
    <p class='ocr_par' dir='ltr' id='par_1_4' title="bbox 96 1324 1152 2964">
     <span class='ocr_line' id='line_1_8' title="bbox 122 1324 1146 1420; baseline 0.005 -26"><span class='ocrx_word' id='word_1_52' title='bbox 122 1327 254 1395; x_wconf 88' lang='lat' dir='ltr'>brachio</span> <span class='ocrx_word' id='word_1_53' title='bbox 274 1327 410 1420; x_wconf 83' lang='lat' dir='ltr'>gestavit</span> <span class='ocrx_word' id='word_1_54' title='bbox 428 1324 650 1418; x_wconf 88' lang='lat' dir='ltr'>aliquamdiu;</span> <span class='ocrx_word' id='word_1_55' title='bbox 670 1351 708 1396; x_wconf 88' lang='lat' dir='ltr'>ac</span> <span class='ocrx_word' id='word_1_56' title='bbox 724 1327 822 1397; x_wconf 78' lang='lat' dir='ltr'>taedio</span> <span class='ocrx_word' id='word_1_57' title='bbox 839 1329 970 1398; x_wconf 87' lang='lat' dir='ltr'>tandem</span> <span class='ocrx_word' id='word_1_58' title='bbox 993 1345 1146 1400; x_wconf 76' lang='lat' dir='ltr'>maternae</span> 
     </span>
     <span class='ocr_line' id='line_1_9' title="bbox 123 1445 1146 1538; baseline 0.004 -24"><span class='ocrx_word' id='word_1_59' title='bbox 123 1447 285 1514; x_wconf 73' lang='lat' dir='ltr'>memoria</span> <span class='ocrx_word' id='word_1_60' title='bbox 301 1445 437 1538; x_wconf 86' lang='lat' dir='ltr'>abjecit;</span> <span class='ocrx_word' id='word_1_61' title='bbox 455 1469 634 1537; x_wconf 83' lang='lat' dir='ltr'>rursusque</span> <span class='ocrx_word' id='word_1_62' title='bbox 650 1447 802 1514; x_wconf 84' lang='lat' dir='ltr'>extremis</span> <span class='ocrx_word' id='word_1_63' title='bbox 821 1449 888 1516; x_wconf 89' lang='lat' dir='ltr'>suis</span> <span class='ocrx_word' id='word_1_64' title='bbox 908 1448 1005 1516; x_wconf 89' lang='lat' dir='ltr'>rebus</span> <span class='ocrx_word' id='word_1_65' title='bbox 1022 1448 1146 1518; x_wconf 84' lang='lat' dir='ltr'>frustra</span> 
     </span>
     <span class='ocr_line' id='line_1_10' title="bbox 124 1567 750 1658; baseline 0.008 -27"><span class='ocrx_word' id='word_1_66' title='bbox 124 1567 300 1658; x_wconf 76' lang='lat' dir='ltr'>requisivit.</span> <span class='ocrx_word' id='word_1_67' title='bbox 748 1577 750 1586; x_wconf 91' lang='lat'>&#39;</span> 
     </span>
     <span class='ocr_line' id='line_1_11' title="bbox 166 1681 1150 1778; baseline 0.004 -28"><span class='ocrx_word' id='word_1_68' title='bbox 166 1687 241 1751; x_wconf 90' lang='lat' dir='ltr'>VII.</span> <span class='ocrx_word' id='word_1_69' title='bbox 277 1687 382 1752; x_wconf 89' lang='lat' dir='ltr'>Tener</span> <span class='ocrx_word' id='word_1_70' title='bbox 402 1681 527 1768; x_wconf 85' lang='lat' dir='ltr'>adhue,</span> <span class='ocrx_word' id='word_1_71' title='bbox 545 1683 685 1752; x_wconf 88' lang='lat' dir='ltr'>necdum</span> <span class='ocrx_word' id='word_1_72' title='bbox 709 1698 838 1754; x_wconf 90' lang='lat' dir='ltr'>matura</span> <span class='ocrx_word' id='word_1_73' title='bbox 856 1687 1011 1778; x_wconf 88' lang='lat' dir='ltr'>pueritia,</span> <span class='ocrx_word' id='word_1_74' title='bbox 1029 1687 1150 1754; x_wconf 88' lang='lat' dir='ltr'>circen·</span> 
     </span>
     <span class='ocr_line' id='line_1_12' title="bbox 124 1801 1148 1897; baseline 0.004 -27"><span class='ocrx_word' id='word_1_75' title='bbox 124 1804 209 1872; x_wconf 89' lang='lat' dir='ltr'>sibus</span> <span class='ocrx_word' id='word_1_76' title='bbox 224 1801 311 1870; x_wconf 91' lang='lat' dir='ltr'>ludis</span> <span class='ocrx_word' id='word_1_77' title='bbox 329 1803 462 1894; x_wconf 88' lang='lat' dir='ltr'>Trojam</span> <span class='ocrx_word' id='word_1_78' title='bbox 477 1804 738 1878; x_wconf 74' lang='lat' dir='ltr'>constantissime</span> <span class='ocrx_word' id='word_1_79' title='bbox 753 1803 1043 1897; x_wconf 82' lang='lat' dir='ltr'>favorabiliterque</span> <span class='ocrx_word' id='word_1_80' title='bbox 1059 1804 1148 1874; x_wconf 86' lang='lat' dir='ltr'>lusit.</span> 
     </span>
     <span class='ocr_line' id='line_1_13' title="bbox 96 1921 1148 2016; baseline 0 -25"><span class='ocrx_word' id='word_1_81' title='bbox 96 2005 102 2016; x_wconf 24' lang='lat'>⁶</span> <span class='ocrx_word' id='word_1_82' title='bbox 124 1921 307 1991; x_wconf 86' lang='lat' dir='ltr'>Undecimo</span> <span class='ocrx_word' id='word_1_83' title='bbox 325 1923 426 1990; x_wconf 75' lang='lat' dir='ltr'>aetatis</span> <span class='ocrx_word' id='word_1_84' title='bbox 447 1945 535 1988; x_wconf 89' lang='lat' dir='ltr'>anno</span> <span class='ocrx_word' id='word_1_85' title='bbox 552 1946 572 1988; x_wconf 90' lang='lat' dir='ltr'>a</span> <span class='ocrx_word' id='word_1_86' title='bbox 588 1921 727 1990; x_wconf 88' lang='lat' dir='ltr'>Claudio</span> <span class='ocrx_word' id='word_1_87' title='bbox 738 1923 913 2016; x_wconf 85' lang='lat' dir='ltr'>adoptatus</span> <span class='ocrx_word' id='word_1_88' title='bbox 932 1939 999 2006; x_wconf 84' lang='lat' dir='ltr'>est,</span> <span class='ocrx_word' id='word_1_89' title='bbox 1013 1927 1148 1993; x_wconf 81' lang='lat' dir='ltr'>Annaeo-</span> 
     </span>
     <span class='ocr_line' id='line_1_14' title="bbox 124 2040 1149 2134; baseline 0.004 -27"><span class='ocrx_word' id='word_1_90' title='bbox 124 2065 183 2132; x_wconf 89' lang='lat' dir='ltr'>que</span> <span class='ocrx_word' id='word_1_91' title='bbox 202 2043 337 2108; x_wconf 77' lang='lat' dir='ltr'>Seneca</span> <span class='ocrx_word' id='word_1_92' title='bbox 347 2091 356 2122; x_wconf 90' lang='lat'><strong>‚</strong></span> <span class='ocrx_word' id='word_1_93' title='bbox 368 2041 436 2131; x_wconf 87' lang='lat' dir='ltr'>jam</span> <span class='ocrx_word' id='word_1_94' title='bbox 453 2055 533 2108; x_wconf 88' lang='lat' dir='ltr'>tunc</span> <span class='ocrx_word' id='word_1_95' title='bbox 551 2042 693 2108; x_wconf 85' lang='lat' dir='ltr'>senatori</span> <span class='ocrx_word' id='word_1_96' title='bbox 706 2091 715 2127; x_wconf 93' lang='lat'>,</span> <span class='ocrx_word' id='word_1_97' title='bbox 728 2042 762 2108; x_wconf 94' lang='lat' dir='ltr'>iu</span> <span class='ocrx_word' id='word_1_98' title='bbox 776 2040 983 2134; x_wconf 85' lang='lat' dir='ltr'>disciplinam</span> <span class='ocrx_word' id='word_1_99' title='bbox 997 2042 1149 2111; x_wconf 87' lang='lat' dir='ltr'>traditus.</span> 
     </span>
     <span class='ocr_line' id='line_1_15' title="bbox 124 2159 1151 2254; baseline 0.005 -28"><span class='ocrx_word' id='word_1_100' title='bbox 124 2163 264 2246; x_wconf 85' lang='lat' dir='ltr'>Ferunt,</span> <span class='ocrx_word' id='word_1_101' title='bbox 281 2162 436 2226; x_wconf 81' lang='lat' dir='ltr'>Senecam</span> <span class='ocrx_word' id='word_1_102' title='bbox 454 2159 604 2251; x_wconf 83' lang='lat' dir='ltr'>proxima</span> <span class='ocrx_word' id='word_1_103' title='bbox 622 2173 715 2227; x_wconf 87' lang='lat' dir='ltr'>nocte</span> <span class='ocrx_word' id='word_1_104' title='bbox 732 2160 838 2228; x_wconf 86' lang='lat' dir='ltr'>visum</span> <span class='ocrx_word' id='word_1_105' title='bbox 855 2163 916 2228; x_wconf 91' lang='lat' dir='ltr'>sibi</span> <span class='ocrx_word' id='word_1_106' title='bbox 935 2185 994 2254; x_wconf 89' lang='lat' dir='ltr'>per</span> <span class='ocrx_word' id='word_1_107' title='bbox 1008 2163 1151 2254; x_wconf 87' lang='lat' dir='ltr'>quietern</span> 
     </span>
     <span class='ocr_line' id='line_1_16' title="bbox 124 2276 1152 2370; baseline 0.003 -24"><span class='ocrx_word' id='word_1_108' title='bbox 124 2280 160 2346; x_wconf 91' lang='lat' dir='ltr'>C.</span> <span class='ocrx_word' id='word_1_109' title='bbox 177 2279 300 2348; x_wconf 77' lang='lat' dir='ltr'>caessrt</span> <span class='ocrx_word' id='word_1_110' title='bbox 320 2279 497 2370; x_wconf 73' lang='lat' dir='ltr'>precipere</span> <span class='ocrx_word' id='word_1_111' title='bbox 515 2303 523 2344; x_wconf 91' lang='lat'><strong>:</strong></span> <span class='ocrx_word' id='word_1_112' title='bbox 543 2292 574 2345; x_wconf 87' lang='lat' dir='ltr'>et</span> <span class='ocrx_word' id='word_1_113' title='bbox 601 2276 697 2345; x_wconf 87' lang='lat' dir='ltr'>fidem</span> <span class='ocrx_word' id='word_1_114' title='bbox 723 2280 851 2348; x_wconf 90' lang='lat' dir='ltr'>somnio</span> <span class='ocrx_word' id='word_1_115' title='bbox 868 2281 958 2348; x_wconf 87' lang='lat' dir='ltr'>Nero</span> <span class='ocrx_word' id='word_1_116' title='bbox 987 2280 1079 2348; x_wconf 87' lang='lat' dir='ltr'>brevi</span> <span class='ocrx_word' id='word_1_117' title='bbox 1106 2281 1152 2350; x_wconf 85' lang='lat' dir='ltr'>fe-</span> 
     </span>
     <span class='ocr_line' id='line_1_17' title="bbox 124 2397 1152 2492; baseline 0.003 -29"><span class='ocrx_word' id='word_1_118' title='bbox 124 2399 186 2485; x_wconf 88' lang='lat' dir='ltr'>cit,</span> <span class='ocrx_word' id='word_1_119' title='bbox 208 2397 340 2491; x_wconf 90' lang='lat' dir='ltr'>prodita</span> <span class='ocrx_word' id='word_1_120' title='bbox 363 2398 566 2464; x_wconf 90' lang='lat' dir='ltr'>immanitate</span> <span class='ocrx_word' id='word_1_121' title='bbox 586 2411 725 2482; x_wconf 84' lang='lat' dir='ltr'>naturae,</span> <span class='ocrx_word' id='word_1_122' title='bbox 745 2398 864 2490; x_wconf 87' lang='lat' dir='ltr'>quibus</span> <span class='ocrx_word' id='word_1_123' title='bbox 881 2400 1025 2491; x_wconf 89' lang='lat' dir='ltr'>primum</span> <span class='ocrx_word' id='word_1_124' title='bbox 1043 2398 1152 2492; x_wconf 90' lang='lat' dir='ltr'>potuit</span> 
     </span>
     <span class='ocr_line' id='line_1_18' title="bbox 128 2516 1152 2610; baseline 0.001 -27"><span class='ocrx_word' id='word_1_125' title='bbox 128 2517 368 2610; x_wconf 84' lang='lat' dir='ltr'>experimentis.</span> <span class='ocrx_word' id='word_1_126' title='bbox 396 2518 547 2608; x_wconf 83' lang='lat' dir='ltr'>Namque</span> <span class='ocrx_word' id='word_1_127' title='bbox 575 2517 801 2593; x_wconf 86' lang='lat' dir='ltr'>Britannicum</span> <span class='ocrx_word' id='word_1_128' title='bbox 827 2517 979 2603; x_wconf 87' lang='lat' dir='ltr'>fratrem,</span> <span class='ocrx_word' id='word_1_129' title='bbox 1001 2516 1090 2608; x_wconf 92' lang='lat' dir='ltr'>quod</span> <span class='ocrx_word' id='word_1_130' title='bbox 1117 2541 1152 2584; x_wconf 89' lang='lat' dir='ltr'>se</span> 
     </span>
     <span class='ocr_line' id='line_1_19' title="bbox 125 2633 1152 2729; baseline -0.002 -25"><span class='ocrx_word' id='word_1_131' title='bbox 125 2651 197 2729; x_wconf 90' lang='lat' dir='ltr'>post</span> <span class='ocrx_word' id='word_1_132' title='bbox 221 2635 432 2729; x_wconf 84' lang='lat' dir='ltr'>adoptionem</span> <span class='ocrx_word' id='word_1_133' title='bbox 451 2634 675 2704; x_wconf 86' lang='lat' dir='ltr'>AEnobarbum</span> <span class='ocrx_word' id='word_1_134' title='bbox 696 2659 736 2702; x_wconf 85' lang='lat' dir='ltr'>ex</span> <span class='ocrx_word' id='word_1_135' title='bbox 756 2634 995 2703; x_wconf 90' lang='lat' dir='ltr'>consuetudine</span> <span class='ocrx_word' id='word_1_136' title='bbox 1014 2633 1152 2703; x_wconf 88' lang='lat' dir='ltr'>salutas·</span> 
     </span>
     <span class='ocr_line' id='line_1_20' title="bbox 124 2753 1151 2846; baseline -0.002 -24"><span class='ocrx_word' id='word_1_137' title='bbox 124 2771 185 2842; x_wconf 83' lang='lat' dir='ltr'>set,</span> <span class='ocrx_word' id='word_1_138' title='bbox 213 2769 250 2822; x_wconf 90' lang='lat' dir='ltr'>ut</span> <span class='ocrx_word' id='word_1_139' title='bbox 280 2753 480 2822; x_wconf 86' lang='lat' dir='ltr'>subditivum</span> <span class='ocrx_word' id='word_1_140' title='bbox 503 2753 591 2844; x_wconf 87' lang='lat' dir='ltr'>apud</span> <span class='ocrx_word' id='word_1_141' title='bbox 615 2767 742 2846; x_wconf 91' lang='lat' dir='ltr'>patrem</span> <span class='ocrx_word' id='word_1_142' title='bbox 767 2775 905 2844; x_wconf 85' lang='lat' dir='ltr'>arguere</span> <span class='ocrx_word' id='word_1_143' title='bbox 929 2766 1065 2820; x_wconf 89' lang='lat' dir='ltr'>conatus</span> <span class='ocrx_word' id='word_1_144' title='bbox 1092 2766 1151 2820; x_wconf 91' lang='lat' dir='ltr'>est.</span> 
     </span>
     <span class='ocr_line' id='line_1_21' title="bbox 126 2868 1150 2964; baseline -0.003 -23"><span class='ocrx_word' id='word_1_145' title='bbox 126 2875 267 2941; x_wconf 80' lang='lat' dir='ltr'>Amitam</span> <span class='ocrx_word' id='word_1_146' title='bbox 286 2887 394 2940; x_wconf 89' lang='lat' dir='ltr'>autem</span> <span class='ocrx_word' id='word_1_147' title='bbox 409 2870 568 2964; x_wconf 87' lang='lat' dir='ltr'>Lepidam</span> <span class='ocrx_word' id='word_1_148' title='bbox 582 2895 671 2939; x_wconf 85' lang='lat' dir='ltr'>ream</span> <span class='ocrx_word' id='word_1_149' title='bbox 690 2870 875 2938; x_wconf 90' lang='lat' dir='ltr'>testimonio</span> <span class='ocrx_word' id='word_1_150' title='bbox 888 2893 999 2937; x_wconf 85' lang='lat' dir='ltr'>coram</span> <span class='ocrx_word' id='word_1_151' title='bbox 1017 2868 1150 2960; x_wconf 83' lang='lat' dir='ltr'>afflixit,</span> 
     </span>
    </p>
   </div>
   <div class='ocr_carea' id='block_1_5' title="bbox 125 2987 1152 3090">
    <p class='ocr_par' dir='ltr' id='par_1_5' title="bbox 125 2987 1152 3090">
     <span class='ocr_line' id='line_1_22' title="bbox 125 2987 1152 3090; baseline -0.003 -31"><span class='ocrx_word' id='word_1_152' title='bbox 125 2991 314 3084; x_wconf 84' lang='lat' dir='ltr'>gratificans</span> <span class='ocrx_word' id='word_1_153' title='bbox 334 2991 448 3076; x_wconf 90' lang='lat' dir='ltr'>matri,</span> <span class='ocrx_word' id='word_1_154' title='bbox 465 3016 485 3058; x_wconf 89' lang='lat' dir='ltr'>a</span> <span class='ocrx_word' id='word_1_155' title='bbox 506 3015 570 3084; x_wconf 92' lang='lat' dir='ltr'>qua</span> <span class='ocrx_word' id='word_1_156' title='bbox 596 3014 661 3090; x_wconf 19' lang='lat' dir='ltr'>rea*</span> <span class='ocrx_word' id='word_1_157' title='bbox 680 2990 899 3082; x_wconf 88' lang='lat' dir='ltr'>premebatur.</span> <span class='ocrx_word' id='word_1_158' title='bbox 922 2987 1092 3058; x_wconf 89' lang='lat' dir='ltr'>Deductus</span> <span class='ocrx_word' id='word_1_159' title='bbox 1117 2990 1152 3056; x_wconf 90' lang='lat' dir='ltr'>in</span> 
     </span>
    </p>
   </div>
   <div class='ocr_carea' id='block_1_6' title="bbox 118 3108 1155 4153">
    <p class='ocr_par' dir='ltr' id='par_1_6' title="bbox 118 3108 1155 4153">
     <span class='ocr_line' id='line_1_23' title="bbox 125 3108 1154 3204; baseline -0.003 -26"><span class='ocrx_word' id='word_1_160' title='bbox 125 3115 245 3178; x_wconf 86' lang='lat' dir='ltr'>Forum</span> <span class='ocrx_word' id='word_1_161' title='bbox 265 3111 347 3196; x_wconf 85' lang='lat' dir='ltr'>tiro,</span> <span class='ocrx_word' id='word_1_162' title='bbox 363 3108 486 3204; x_wconf 92' lang='lat' dir='ltr'>populo</span> <span class='ocrx_word' id='word_1_163' title='bbox 503 3110 724 3202; x_wconf 84' lang='lat' dir='ltr'>congiarium,</span> <span class='ocrx_word' id='word_1_164' title='bbox 744 3108 840 3177; x_wconf 89' lang='lat' dir='ltr'>militi</span> <span class='ocrx_word' id='word_1_165' title='bbox 867 3108 1057 3176; x_wconf 88' lang='lat' dir='ltr'>donativum</span> <span class='ocrx_word' id='word_1_166' title='bbox 1078 3132 1154 3200; x_wconf 87' lang='lat' dir='ltr'>pro·</span> 
     </span>
     <span class='ocr_line' id='line_1_24' title="bbox 124 3228 1153 3322; baseline -0.001 -25"><span class='ocrx_word' id='word_1_167' title='bbox 124 3231 234 3322; x_wconf 89' lang='lat' dir='ltr'>posuit</span> <span class='ocrx_word' id='word_1_168' title='bbox 256 3255 265 3296; x_wconf 76' lang='grc' dir='ltr'><strong><em>ε</em></strong></span> <span class='ocrx_word' id='word_1_169' title='bbox 286 3228 474 3321; x_wconf 86' lang='lat' dir='ltr'>indictaque</span> <span class='ocrx_word' id='word_1_170' title='bbox 493 3228 685 3296; x_wconf 87' lang='lat' dir='ltr'>decursione</span> <span class='ocrx_word' id='word_1_171' title='bbox 702 3229 926 3322; x_wconf 71' lang='lat' dir='ltr'>pretorianis,</span> <span class='ocrx_word' id='word_1_172' title='bbox 943 3241 1074 3296; x_wconf 90' lang='lat' dir='ltr'>scutum</span> <span class='ocrx_word' id='word_1_173' title='bbox 1093 3251 1153 3296; x_wconf 89' lang='lat' dir='ltr'>sua</span> 
     </span>
     <span class='ocr_line' id='line_1_25' title="bbox 124 3346 1153 3441; baseline 0 -27"><span class='ocrx_word' id='word_1_174' title='bbox 124 3371 225 3416; x_wconf 88' lang='lat' dir='ltr'>manu</span> <span class='ocrx_word' id='word_1_175' title='bbox 243 3346 388 3440; x_wconf 83' lang='lat' dir='ltr'>praetulit</span> <span class='ocrx_word' id='word_1_176' title='bbox 407 3373 415 3415; x_wconf 91' lang='lat'>:</span> <span class='ocrx_word' id='word_1_177' title='bbox 436 3349 510 3416; x_wconf 82' lang='lat' dir='ltr'>exin</span> <span class='ocrx_word' id='word_1_178' title='bbox 531 3350 616 3440; x_wconf 91' lang='lat' dir='ltr'>patri</span> <span class='ocrx_word' id='word_1_179' title='bbox 636 3349 757 3441; x_wconf 86' lang='lat' dir='ltr'>gratias</span> <span class='ocrx_word' id='word_1_180' title='bbox 776 3347 811 3414; x_wconf 91' lang='lat' dir='ltr'>in</span> <span class='ocrx_word' id='word_1_181' title='bbox 828 3359 943 3415; x_wconf 87' lang='lat' dir='ltr'>senatu</span> <span class='ocrx_word' id='word_1_182' title='bbox 958 3348 1034 3440; x_wconf 84' lang='lat' dir='ltr'>egit.</span> <span class='ocrx_word' id='word_1_183' title='bbox 1054 3347 1153 3439; x_wconf 86' lang='lat' dir='ltr'>Apud</span> 
     </span>
     <span class='ocr_line' id='line_1_26' title="bbox 123 3463 1154 3559; baseline 0 -27"><span class='ocrx_word' id='word_1_184' title='bbox 123 3465 278 3534; x_wconf 88' lang='lat' dir='ltr'>eumdem</span> <span class='ocrx_word' id='word_1_185' title='bbox 294 3465 461 3534; x_wconf 89' lang='lat' dir='ltr'>consulem</span> <span class='ocrx_word' id='word_1_186' title='bbox 481 3491 542 3559; x_wconf 91' lang='lat' dir='ltr'>pro</span> <span class='ocrx_word' id='word_1_187' title='bbox 561 3466 822 3534; x_wconf 89' lang='lat' dir='ltr'>Bononiensibus</span> <span class='ocrx_word' id='word_1_188' title='bbox 840 3463 959 3551; x_wconf 88' lang='lat' dir='ltr'>latine,</span> <span class='ocrx_word' id='word_1_189' title='bbox 979 3489 1039 3557; x_wconf 85' lang='lat' dir='ltr'>pro</span> <span class='ocrx_word' id='word_1_190' title='bbox 1061 3465 1154 3533; x_wconf 86' lang='lat' dir='ltr'>Rho·</span> 
     </span>
     <span class='ocr_line' id='line_1_27' title="bbox 122 3583 1154 3679; baseline -0.002 -27"><span class='ocrx_word' id='word_1_191' title='bbox 122 3583 188 3653; x_wconf 87' lang='lat' dir='ltr'>diis</span> <span class='ocrx_word' id='word_1_192' title='bbox 202 3601 301 3678; x_wconf 88' lang='lat' dir='ltr'>atque</span> <span class='ocrx_word' id='word_1_193' title='bbox 313 3583 485 3654; x_wconf 87' lang='lat' dir='ltr'>Iliensibus</span> <span class='ocrx_word' id='word_1_194' title='bbox 503 3609 606 3679; x_wconf 72' lang='lat' dir='ltr'>graece</span> <span class='ocrx_word' id='word_1_195' title='bbox 625 3586 724 3653; x_wconf 90' lang='lat' dir='ltr'>verba</span> <span class='ocrx_word' id='word_1_196' title='bbox 742 3583 826 3653; x_wconf 86' lang='lat' dir='ltr'>fecit.</span> <span class='ocrx_word' id='word_1_197' title='bbox 844 3585 1040 3677; x_wconf 82' lang='lat' dir='ltr'>Auspicatus</span> <span class='ocrx_word' id='word_1_198' title='bbox 1058 3596 1154 3651; x_wconf 89' lang='lat' dir='ltr'>estet</span> 
     </span>
     <span class='ocr_line' id='line_1_28' title="bbox 118 3699 1154 3797; baseline -0.002 -27"><span class='ocrx_word' id='word_1_199' title='bbox 118 3703 386 3795; x_wconf 88' lang='lat' dir='ltr'>jurisdictionem</span> <span class='ocrx_word' id='word_1_200' title='bbox 399 3703 572 3797; x_wconf 77' lang='lat' dir='ltr'>praefectus</span> <span class='ocrx_word' id='word_1_201' title='bbox 588 3705 669 3774; x_wconf 88' lang='lat' dir='ltr'>Urbi</span> <span class='ocrx_word' id='word_1_202' title='bbox 682 3727 775 3774; x_wconf 89' lang='lat' dir='ltr'>sacro</span> <span class='ocrx_word' id='word_1_203' title='bbox 790 3703 998 3789; x_wconf 86' lang='lat' dir='ltr'>Latinarum,</span> <span class='ocrx_word' id='word_1_204' title='bbox 1014 3699 1154 3770; x_wconf 89' lang='lat' dir='ltr'>celeber-</span> 
     </span>
     <span class='ocr_line' id='line_1_29' title="bbox 123 3820 1154 3915; baseline -0.002 -27"><span class='ocrx_word' id='word_1_205' title='bbox 123 3823 218 3890; x_wconf 84' lang='lat' dir='ltr'>rimis</span> <span class='ocrx_word' id='word_1_206' title='bbox 238 3824 386 3915; x_wconf 89' lang='lat' dir='ltr'>patronis</span> <span class='ocrx_word' id='word_1_207' title='bbox 407 3848 473 3891; x_wconf 93' lang='lat' dir='ltr'>non</span> <span class='ocrx_word' id='word_1_208' title='bbox 494 3821 723 3909; x_wconf 83' lang='lat' dir='ltr'>translaticias,</span> <span class='ocrx_word' id='word_1_209' title='bbox 748 3836 786 3891; x_wconf 94' lang='lat' dir='ltr'>ut</span> <span class='ocrx_word' id='word_1_210' title='bbox 808 3820 947 3908; x_wconf 89' lang='lat' dir='ltr'>assolet,</span> <span class='ocrx_word' id='word_1_211' title='bbox 965 3833 998 3888; x_wconf 89' lang='lat' dir='ltr'>et</span> <span class='ocrx_word' id='word_1_212' title='bbox 1019 3820 1154 3900; x_wconf 89' lang='lat' dir='ltr'>breves,</span> 
     </span>
     <span class='ocr_line' id='line_1_30' title="bbox 121 3939 1153 4038; baseline -0.002 -30"><span class='ocrx_word' id='word_1_213' title='bbox 121 3939 186 4008; x_wconf 89' lang='lat' dir='ltr'>scd</span> <span class='ocrx_word' id='word_1_214' title='bbox 210 3944 365 4012; x_wconf 88' lang='lat' dir='ltr'>maximas</span> <span class='ocrx_word' id='word_1_215' title='bbox 386 3941 607 4036; x_wconf 88' lang='lat' dir='ltr'>plurimasque</span> <span class='ocrx_word' id='word_1_216' title='bbox 625 3941 863 4038; x_wconf 89' lang='lat' dir='ltr'>postulationes</span> <span class='ocrx_word' id='word_1_217' title='bbox 888 3940 1034 4010; x_wconf 88' lang='lat' dir='ltr'>certatim</span> <span class='ocrx_word' id='word_1_218' title='bbox 1062 3939 1153 4032; x_wconf 84' lang='lat' dir='ltr'>inge·</span> 
     </span>
     <span class='ocr_line' id='line_1_31' title="bbox 122 4058 1155 4153; baseline 0 -28"><span class='ocrx_word' id='word_1_219' title='bbox 122 4060 296 4148; x_wconf 86' lang='lat' dir='ltr'>rentibus;</span> <span class='ocrx_word' id='word_1_220' title='bbox 322 4060 474 4153; x_wconf 88' lang='lat' dir='ltr'>quamvis</span> <span class='ocrx_word' id='word_1_221' title='bbox 509 4061 718 4130; x_wconf 87' lang='lat' dir='ltr'>interdictum</span> <span class='ocrx_word' id='word_1_222' title='bbox 747 4085 780 4129; x_wconf 90' lang='lat' dir='ltr'>a.</span> <span class='ocrx_word' id='word_1_223' title='bbox 797 4058 935 4128; x_wconf 89' lang='lat' dir='ltr'>Claudio</span> <span class='ocrx_word' id='word_1_224' title='bbox 962 4069 1054 4126; x_wconf 86' lang='lat' dir='ltr'>esset.</span> <span class='ocrx_word' id='word_1_225' title='bbox 1084 4058 1155 4128; x_wconf 87' lang='lat' dir='ltr'>Nec</span> 
     </span>
    </p>
   </div>
   <div class='ocr_carea' id='block_1_7' title="bbox 0 0 1569 5446">
    <p class='ocr_par' dir='ltr' id='par_1_7' title="bbox 0 0 1569 5446">
     <span class='ocr_line' id='line_1_32' title="bbox 0 0 1569 5446; baseline 0 0"><span class='ocrx_word' id='word_1_226' title='bbox 0 0 1569 5446; x_wconf 95' lang='lat' dir='ltr'> </span> 
     </span>
    </p>
   </div>
  </div>
 </body>
</html>
