3168 5440
109 541 1154 568 mmmmmfflmvmmmm

402 809 656 901 LUCANI
689 814 852 901 VITA'.

564 1118 698 1136 *

110 1313 188 1440 M.
205 1376 358 1442 Annuus
372 1375 555 1460 Lucanus,
572 1371 815 1461 Cordubensis,
833 1374 940 1468 prima
957 1376 1084 1470 ingenii
1098 1401 1173 1445 ειν

106 1495 292 1587 perimente
304 1493 338 1560 in
356 1494 498 1580 Neronis
511 1491 665 1564 laudibus
680 1493 771 1562 dedit
785 1493 1031 1588 quinquennali
1047 1513 1153 1567 certa-

105 1613 203 1681 mine.
230 1615 319 1682 Dein
344 1611 441 1682 civile
472 1612 614 1700 bellurn,
638 1613 766 1708 quoda
788 1616 947 1710 Pompeio
967 1631 1000 1684 et
1020 1620 1150 1688 cesare

104 1749 235 1829 gestum
254 1749 322 1823 est,
339 1736 503 1804 recitavit.
521 1735 591 1824 Qui
606 1750 707 1804 tantae
728 1734 870 1805 levitatis
888 1751 922 1805 et
941 1751 1010 1806 tam
1030 1739 1150 1808 immo-

104 1855 226 1924 deratae
243 1853 365 1949 linguae
382 1854 460 1945 luit,
481 1871 518 1924 ut
538 1857 572 1923 in
592 1855 785 1950 praefatione
806 1855 950 1950 quadarn
969 1871 1099 1926 aetatem
1118 1873 1152 1927 et

106 1973 200 2043 initia
226 1999 286 2043 sua
312 1999 390 2044 curn
414 1972 557 2069 Virgilio
577 1999 794 2069 comparans,
821 2001 922 2046 ausus
947 1979 990 2046 sit
1009 1977 1150 2048 dicere:

104 2108 165 2163 «et
184 2109 348 2186 quantum
366 2095 449 2164 mihi
466 2109 568 2164 restat
584 2094 626 2165 ad
641 2093 840 2167 Culicemls
856 2097 935 2184 Hic,
952 2099 1048 2166 initio
1067 2099 1147 2168 ado·
1165 2185 1173 2194 a

104 2211 282 2303 lescentiae,
300 2240 402 2309 quum
417 2215 461 2284 ob
475 2215 633 2284 infestum
643 2217 895 2286 matrimonium
907 2232 1037 2312 patrem
1051 2244 1147 2290 suurn

104 2337 175 2404 ruri
196 2361 295 2430 agere
320 2335 419 2436 longe
443 2338 673 2432 cognovisset,
693 2353 868 2408 revocatus
886 2339 1028 2409 Athenis
1046 2366 1065 2408 a
1085 2343 1151 2409 Ne-

102 2480 205 2545 rone,
226 2457 426 2550 cohortique
445 2459 628 2527 amicorum
649 2457 800 2544 additus,
823 2472 923 2552 atque
941 2460 1042 2529 etiam
1060 2485 1151 2554 quse-

102 2594 198 2646 stura
217 2579 423 2666 honoratus,
442 2603 510 2647 non
531 2593 641 2647 tamen
662 2578 845 2672 permansit
858 2579 893 2646 in
909 2581 1027 2671 gratia.
1043 2581 1152 2673 Siqui-

101 2697 285 2794 dem'aegre
306 2699 435 2787 serens,
453 2700 614 2769 recitante
633 2724 685 2787 se,
703 2698 834 2787 subito,
852 2723 890 2768 ac
908 2698 999 2767 nulla
1019 2701 1083 2769 nisi
1097 2725 1150 2769 re-

101 2819 285 2915 frigerandi
312 2821 363 2890 sui
390 2845 508 2908 causa,
537 2819 663 2889 indicto
690 2835 826 2906 senatu,
852 2821 1021 2890 Neronem
1042 2845 1148 2890 reces-

100 2943 201 3027 sisse,
228 2965 338 3034 neque
365 2940 476 3009 verbis
503 2940 662 3009 adversus
689 2941 897 3034 principem,
922 2964 1031 3033 neque
1055 2939 1150 3010 lactis

98 3061 307 3129 exstantibus
332 3075 408 3155 post
430 3061 501 3129 baec
520 3061 717 3154 temperavit
740 3087 747 3128 :
768 3060 851 3130 adeo
869 3075 906 3131 ut
925 3059 1095 3154 quondam
1116 3063 1150 3130 in

101 3182 234 3249 latrinis
257 3179 414 3276 publicis,
431 3179 572 3249 clariore
586 3181 729 3274 strepitu
747 3183 872 3250 ventris
889 3182 1027 3270 emisso,
1043 3181 1149 3250 bemi-

98 3301 258 3371 sticbium
273 3295 416 3372 Neronis
426 3326 546 3396 magna
559 3326 791 3370 consessorum
805 3301 883 3396 luga
896 3303 1128 3396 pronunciarit
1141 3329 1149 3370 ε

99 3453 118 3484 ι(
135 3422 205 3491 Sub
233 3425 329 3492 terris
350 3425 499 3492 tonuisse
524 3437 665 3516 putes.»
695 3421 760 3502 Sed
789 3437 822 3490 et
850 3422 977 3490 famoso
1001 3423 1149 3491 carmine

97 3567 206 3635 quum
226 3545 356 3637 ipsum,
374 3558 446 3611 tum
465 3543 712 3637 potentissimos
732 3541 939 3630 amicorum,
958 3541 1148 3635 gravissime

97 3663 275 3756 proscidit.
294 3662 345 3733 Ad
361 3678 546 3732 extremum
562 3687 656 3756 paene
673 3661 811 3757 signifer
825 3663 1012 3731 Pisoniana
1030 3662 1148 3755 conju-

94 3784 241 3852 rationis
256 3785 381 3853 exstitit
396 3809 404 3851 :
420 3782 546 3852 multus
563 3784 598 3851 in
613 3781 720 3877 gloria
738 3780 1023 3875 tyrannicidarum
1038 3779 1148 3876 palam

94 3902 310 3996 praedicanda
322 3955 331 3990 ,
345 3928 382 3972 ac
395 3901 514 3998 plenus
528 3905 715 3988 minarum;
732 3926 838 3996 usque
853 3926 894 3970 eo
910 3903 1150 3995 intemperans,

94 4038 138 4091 ut
157 4026 295 4093 Caesaris
316 4039 418 4118 caput
435 4025 589 4120 proximo
610 4024 731 4117 cuique
751 4025 901 4117 jactaret.
922 4025 1069 4109 Verum,
1091 4021 1149 4090 de·

94 4157 189 4213 tecta
205 4146 458 4238 conjuratione,
477 4169 687 4238 uequaquarn
705 4144 808 4214 animi
829 4143 1050 4212 constantiam
1067 4167 1148 4236 prae-
1239 4173 1244 4187 ¹

251 4291 287 4334 u.
983 4263 1003 4331 8
