3108 5434
524 465 699 524 TIBERIUS
1074 473 1134 556 rar,

105 589 281 656 inooenante
305 611 362 675 eo,
392 587 561 682 complura
588 605 622 658 et
645 591 791 685 ingentia
815 615 892 660 saxa
915 589 1051 664 foreman
1076 617 1132 660 su-

104 729 198 798 perne
217 703 353 800 delapsa
372 719 472 775 sunt:
491 706 668 801 multisque
684 709 898 779 convivarum
914 723 949 778 et
963 712 1129 780 ministro·

103 848 171 892 ram
186 823 291 913 elisis,
307 839 429 920 preter
445 851 538 921 spem
551 830 663 897 evasit

142 945 214 1012 XL.
236 945 418 1038 Peragrata
433 947 632 1040 Campania,
650 973 752 1041 quum
770 951 894 1043 Capuae
914 946 1129 1043 Capitolium,

104 1059 190 1132 Nolae
207 1060 369 1156 templum
381 1064 537 1158 Augusti,
556 1089 656 1158 quam
673 1089 806 1135 causam
824 1067 1036 1162 profectionis
1052 1093 1132 1164 pree·

105 1179 268 1266 tenderat,
287 1180 484 1270 dedicasset,
502 1187 647 1277 Capreas
665 1209 701 1253 se
720 1185 876 1274 contulit3
893 1189 1059 1282 praecipue
1076 1185 1132 1256 de-

104 1298 237 1368 lectatus
249 1299 371 1388 insula,
384 1301 473 1394 quod
486 1327 554 1371 uno
570 1323 737 1397 parvoque
757 1304 852 1374 litore
867 1305 1026 1394 adiretur,
1040 1321 1133 1400 septa

103 1419 247 1513 undique
264 1423 439 1516 praeruptis
455 1424 621 1492 immensae
635 1421 818 1496 altitudinis
834 1427 991 1519 rupibus,
1009 1441 1043 1494 et
1055 1449 1132 1520 pro·

102 1537 202 1610 limdo
222 1541 335 1609 maris.
355 1541 540 1635 Statimque
564 1559 740 1612 revocante
762 1542 893 1614 assidua
915 1543 1133 1614 obtestatione

102 1656 241 1752 populo,
253 1675 392 1754 propter
405 1659 548 1749 cladem,
565 1686 631 1756 qua
643 1663 731 1756 apud
747 1662 886 1732 Fidenas
899 1688 998 1756 supra
1014 1689 1059 1734 xx
1075 1664 1134 1732 ho-

103 1779 231 1847 minum
249 1777 369 1867 millia,
389 1778 584 1874 gladiatorio
603 1805 758 1869 munere,
779 1781 1011 1876 amphitheatri
1038 1785 1134 1852 ruina

103 1897 289 1988 perierant,
303 1900 431 1967 transiit
448 1899 483 1966 in
500 1899 739 1987 continentem,
758 1915 1018 1994 potestatemque
1033 1903 1136 1972 onmi-

101 2015 162 2086 lma
175 2015 320 2086 adeundi
335 2019 386 2088 sui
402 2017 480 2087 fecit
491 2043 499 2086 :
512 2033 604 2088 tauto
618 2019 738 2112 magis,
748 2017 837 2114 quod
851 2019 934 2088 urbe
948 2020 1134 2114 egrediens,

102 2161 142 2205 ne
161 2137 289 2230 quisse
305 2136 544 2232 interpellaret,
560 2135 721 2227 edixerat,
740 2162 779 2207 ac
790 2127 863 2210 ¹toto
880 2139 998 2210 itinere
1014 2138 1135 2209 adeun·

101 2269 150 2324 tes
170 2271 404 2326 summoverat.

147 2377 244 2444 XLI.
264 2379 443 2472 Regressus
466 2377 500 2446 in
523 2375 679 2466 insulam,
701 2376 889 2473 reipublicae
916 2376 1051 2470 quidem
1079 2402 1137 2446 cu·

100 2517 176 2562 ram
191 2493 390 2588 usqueadeo
405 2495 541 2590 abjecit,
557 2509 596 2564 ut
611 2509 725 2590 postea
741 2521 809 2564 non
826 2495 974 2568 decuriae
987 2497 1135 2589 equitum

101 2637 254 2708 mquam
270 2613 446 2709 supplerit,
467 2640 535 2684 non
554 2615 704 2686 tribunos
723 2614 864 2684 militum
886 2615 1137 2708 praefectosque,
1251 2621 1253 2626 '

103 2759 174 2803 non
195 2736 440 2828 provinciarum
456 2733 610 2829 praesides
628 2735 713 2804 ullos
732 2735 925 2819 mutaverim
947 2735 1137 2828 Hispaniam

101 2871 134 2923 et
166 2856 296 2946 Syriam
319 2879 379 2948 per
404 2853 530 2948 aliquot
556 2880 660 2924 anuos
682 2856 752 2924 sine
773 2851 998 2923 consularibus
1023 2851 1138 2948 legatis

102 2975 278 3059 habuerit;
290 2977 478 3044 Armeniam
492 2974 653 3044 aParthis
664 2974 835 3069 occupari,
849 2974 998 3043 Moesiam
1008 2997 1029 3041 a
1039 2971 1139 3042 Dacis

103 3096 351 3188 Sarmatisque,
379 3093 504 3165 Gallias
535 3118 556 3163 a
583 3096 757 3165 Germanis
785 3094 906 3164 vastari
936 3091 1138 3188 neglexerim

104 3239 229 3309 magno
247 3215 408 3284 dedecore
426 3215 569 3310 imperii,
587 3239 648 3284 nec
666 3214 785 3283 minori
805 3213 1003 3282 discrimine.

150 3337 260 3404 XLII.
274 3337 432 3404 Ceterum
446 3335 566 3404 secreti
581 3333 747 3404 licentiam
764 3348 895 3418 nactus,
912 3347 945 3401 et
958 3335 1050 3426 quasi
1065 3334 1141 3402 civi·

106 3455 185 3522 tatis
207 3452 310 3522 oculis
327 3469 489 3540 remotus,
508 3459 625 3522 cun'cta
642 3451 737 3522 simul
752 3453 848 3538 vitia,
866 3451 952 3520 male
972 3451 1028 3519 diu
1050 3451 1141 3520 dissi·

106 3574 254 3656 mulata,
275 3573 407 3642 tandem
424 3572 593 3667 profudit:
609 3571 781 3665 dequibus
794 3569 982 3665 singillatim
996 3569 1036 3638 ab
1051 3594 1141 3637 exon

107 3693 163 3762 dio
180 3693 333 3762 referam.
350 3696 390 3762 In
407 3693 537 3780 castris,
550 3693 615 3760 tiro
632 3693 731 3760 etiam
752 3705 839 3777 tum,
855 3703 991 3784 propter
1005 3689 1140 3756 nimiam

106 3815 177 3882 vini
190 3811 398 3899 aviditatem,
411 3836 473 3906 pro
485 3811 636 3898 Tiberio,
651 3809 813 3894 Biben'us5
826 3789 888 3904 pro
897 3806 1051 3893 Claudio,
1070 3807 1142 3876 Cal-

108 3921 213 4018 dius;
231 3958 293 4027 pro
308 3915 459 4021 Nerone,
471 3935 567 4004 Mero
584 3930 774 4001 vocabatur.
788 3933 908 3998 Postea
922 3929 1091 4022 princeps,
1107 3927 1141 3995 in

19 4123 20 4144 ,
93 4055 182 4148 ipsa
212 4051 416 4146 publicanam
447 4077 579 4123 morum
605 4053 826 4135 correctione,
857 4071 933 4118 cum
958 4049 1142 4140 Pomponio
