3164 5442
455 461 495 516 IN
517 461 600 516 OCT.
622 462 844 518 AUGUSTUM.
1118 483 1169 540 197

161 574 258 654 Calvi.
273 578 303 632 C.
323 575 425 632 Licinii
443 577 535 648 Calvi,
553 576 589 633 de
606 596 667 650 quo
684 575 751 634 vide
770 580 849 649 Cro,
866 580 961 646 Brut,
978 596 1075 634 uxxxr.

168 669 294 724 Palatio.
305 668 370 724 Scil.
384 667 513 724 Palatino
526 679 632 725 monte.
647 669 721 739 Dio,
735 687 811 741 mu,
824 687 854 745 p.
870 671 925 740 ⁵⁰7
943 689 949 724 :
964 679 1087 730 ttatrirm
1096 673 1126 731 il
1140 677 1173 732 τὰ

127 768 244 822 Credam
258 771 394 833 Παλάτιον,
404 770 441 821 ὅτι
458 771 481 822 ir
492 777 561 840 τιτῷ
576 771 732 840 Παλατῖνῳό
747 771 847 840 Καῖσαρ
863 771 935 840 dari,
948 765 990 823 rai
1002 771 1053 822 lari
1064 771 1093 822 ri
1103 789 1175 841 στρα-

126 863 210 932 τήγιον
221 855 278 930 εἶχε.

170 945 260 1000 Cultu.
276 946 311 1002 H.
325 963 350 1000 e.
366 955 478 1002 ornatu.

167 1040 355 1095 Albanarum.
370 1042 412 1096 Ex
432 1050 531 1095 monte
545 1038 677 1110 Albano,
691 1039 774 1111 cujus
793 1038 867 1113 lapis
885 1037 983 1115 exigui
999 1049 1061 1096 erat
1076 1037 1175 1113 pretii,

128 1152 220 1207 quurn
237 1133 275 1187 ob
295 1131 440 1202 viciniam,
459 1142 520 1186 tum
537 1132 605 1206 quia
622 1130 715 1188 mollis
731 1141 816 1202 esset,
831 1141 906 1188 auct.
920 1131 1049 1202 vitruv„
1068 1149 1112 1204 rr,
1131 1149 1148 1203 7
1166 1151 1173 1186 :

126 1249 139 1274 ι
157 1225 231 1279 Sunt
245 1225 320 1279 enirn
334 1225 394 1280 aliae
410 1225 526 1296 molles,
539 1234 573 1279 ut
591 1223 667 1280 circa
675 1223 785 1281 Urbem
798 1223 907 1296 rubra,
920 1223 1084 1298 pallienses,
1097 1221 1173 1280 fide-

126 1327 209 1372 nates
240 1317 356 1372 albanae.
373 1344 386 1366 υ

171 1357 281 1452 Eoiiem
300 1397 434 1452 cubr'rulo.
453 1397 550 1467 Quum
572 1394 603 1451 in
617 1395 824 1453 consuetudine
841 1393 916 1452 illius
936 1393 1073 1470 temporis
1090 1407 1175 1464 essct,

127 1489 182 1544 alia
197 1489 303 1546 habere
316 1488 453 1560 hiberna,
467 1489 522 1546 alia
542 1489 637 1546 aestiva
651 1489 792 1546 cubicula.

168 1597 204 1650 In
229 1595 303 1650 Urbe
326 1596 468 1652 hiemaret.
494 1595 683 1653 Disertissime
704 1597 744 1658 cl,
765 1598 845 1653 Hace
865 1617 875 1652 .·
894 1594 1053 1667 «Quamvis
1078 1613 1176 1653 omncs

126 1685 235 1742 hiemes
247 1685 277 1741 in
297 1689 376 1744 Urbe
390 1688 571 1764 transigeret,
585 1708 675 1764 eaque
689 1689 847 1746 valetudini
861 1707 917 1746 suae
935 1706 1038 1762 parurn
1055 1687 1175 1761 salubri,

127 1789 225 1834 tamen
242 1798 278 1836 ne
293 1781 455 1837 cubiculum
471 1779 588 1855 quidem
600 1782 729 1839 mutavit.
744 1806 760 1833 s

172 1871 340 1944 Syracusas.
359 1875 444 1928 Hunc
457 1873 555 1928 locum
574 1874 715 1949 arcliqua
731 1873 819 1929 domo
837 1873 997 1946 sejunctum
1018 1875 1176 1947 Syracusas

128 1967 293 2040 Augustum
307 1965 409 2021 dixisse
426 1975 510 2039 putat
522 1969 700 2032 Bemabius,
720 1966 789 2039 quia
807 1976 836 2021 et
847 1966 890 2022 hae
906 1976 992 2036 ¹crant
1006 1964 1177 2040 dispertita,

129 2066 159 2111 et
171 2073 239 2130 pars
258 2067 387 2131 aparte,
405 2067 539 2132 tanquam
560 2059 631 2114 urbs
650 2058 686 2114 ab
701 2057 774 2113 urbe
790 2055 941 2130 disjuncta.

170 2170 313 2239 Τιχνόφυον.
328 2161 399 2216 Ideo
417 2161 498 2235 quod
515 2161 546 2217 in
559 2162 630 2219 locis
643 2162 758 2218 secretis
778 2161 870 2217 omnis
885 2181 953 2218 snus
967 2171 1079 2218 constat
1093 2160 1178 2236 inge-

128 2252 186 2308 niis
203 2252 295 2327 vigor,
316 2253 354 2309 ad
375 2255 466 2310 multa
487 2254 683 2329 excogitanda.
705 2255 747 2310 Cf.
773 2256 873 2326 Puro,
894 2255 1002 2330 Epist„
1026 2273 1053 2324 r,
1070 2273 1089 2329 9
1106 2253 1178 2308 :10

129 2347 225 2402 marei
245 2364 264 2401 o
278 2344 357 2402 litus!
374 2365 475 2402 verum
490 2357 687 2422 secretumque
708 2356 831 2426 nourrius,
846 2366 933 2423 quam
952 2347 1042 2402 multa
1065 2343 1178 2401 inveni-

130 2437 181 2507 tis,
199 2455 287 2510 quam
299 2440 388 2493 multa
405 2438 532 2495 dictatis!
545 2463 557 2488 υ

173 2531 311 2585 Herculis.
330 2532 365 2586 In
380 2531 462 2603 cnjus
481 2533 569 2588 tutela
588 2529 679 2587 Tibur
693 2540 763 2587 erat.
780 2530 919 2602 Martial,
933 2551 962 2601 ι,
979 2531 1036 2588 13:

274 2703 325 2752 ltur
338 2699 369 2751 ad
383 2701 495 2752 Herculei
508 2701 597 2768 gelidas
608 2717 655 2766 qua
669 2701 767 2752 Tiburis
776 2719 849 2753 arcus.
862 2750 864 2755 ,

132 2876 227 2948 Hujus
240 2875 339 2952 templi
360 2877 535 2934 mentionem
552 2877 639 2934 babet
660 2878 771 2950 Strab„
786 2897 823 2949 v,
842 2897 871 2952 p.
896 2877 950 2944 164
969 2895 976 2930 ε
993 2879 1132 2952 resonari
1151 2886 1178 2934 τὸ

132 2968 273 3048 Ἡράκλειον.

174 3064 327 3118 Praetoria.
343 3064 432 3120 Erant
449 3063 522 3118 villae
536 3063 574 3119 ad
587 3063 763 3137 voluptatem
773 3072 937 3135 exstructae,
955 3061 985 3118 in
1001 3059 1107 3137 quibus
1121 3059 1178 3116 do-

133 3153 240 3225 minus,
255 3175 345 3230 quum
358 3156 490 3212 rusticari
502 3157 601 3226 vellet,
616 3173 729 3212 manere
742 3155 860 3212 solebat.
878 3155 926 3214 Sic
939 3154 1089 3228 dictumst·
1101 3151 1181 3210 simi-

132 3246 309 3304 litudincm:
329 3249 503 3306 rusticorum
523 3248 598 3302 enirn
619 3266 705 3322 super
720 3247 835 3324 tuguria
856 3257 885 3304 et
905 3265 982 3305 casas
1004 3245 1181 3330 eminebant,

132 3351 168 3396 ut
180 3339 361 3415 imperatoris
374 3340 463 3417 ipsius
476 3341 704 3410 tabernaculum,
720 3342 802 3415 quod
824 3352 853 3398 et
865 3343 1033 3415 praetorium
1052 3339 1181 3413 appella-

133 3433 229 3505 batur,
243 3453 303 3509 prae
320 3433 381 3490 aliis
394 3432 591 3509 magnitudine
603 3431 817 3508 splendoreque
831 3434 982 3493 eminebat.
997 3433 1183 3516 Ponebantur

129 3525 192 3582 iere
205 3525 237 3583 iu
250 3525 367 3583 amoenis
380 3527 505 3583 litorum.
518 3527 605 3597 stac,
626 3526 706 3594 Situ,
722 3545 751 3598 1,
765 3527 797 3600 3,
813 3529 850 3586 ab
865 3547 872 3582 ι

242 3752 249 3764 .
264 3751 272 3764 .
286 3751 294 3766 .
310 3751 316 3766 .
331 3719 439 3766 AEteruas
451 3723 545 3766 serram
558 3714 669 3783 pretorio
682 3715 756 3784 ripas.

116 3965 125 3978 .
175 3888 465 3961 meoniorum,
480 3908 533 3962 ιιι,
548 3888 581 3961 3,
599 3888 654 3947 15:

243 4073 276 4124 Et'
287 4088 386 4123 nemora
397 4073 422 4124 iu
436 4074 547 4126 domibus
559 4090 637 4124 sacros
649 4073 769 4126 imitantia
778 4079 853 4127 lucos.
