<?xml version="1.0" encoding="UTF-8"?>
<!DOCTYPE html PUBLIC "-//W3C//DTD XHTML 1.0 Transitional//EN"
    "http://www.w3.org/TR/xhtml1/DTD/xhtml1-transitional.dtd">
<html xmlns="http://www.w3.org/1999/xhtml" xml:lang="en" lang="en">
 <head>
  <title>
</title>
<meta http-equiv="Content-Type" content="text/html;charset=utf-8" />
  <meta name='ocr-system' content='tesseract 3.04.00' />
  <meta name='ocr-capabilities' content='ocr_page ocr_carea ocr_par ocr_line ocrx_word'/>
</head>
<body>
  <div class='ocr_page' id='page_1' title='image "./caiisuetonitran00grosgoog_0177.png"; bbox 0 0 3108 5434; ppageno 0'>
   <div class='ocr_carea' id='block_1_1' title="bbox 452 506 1085 576">
    <p class='ocr_par' dir='ltr' id='par_1_1' title="bbox 452 506 1085 576">
     <span class='ocr_line' id='line_1_1' title="bbox 452 506 1085 576; baseline -0.006 -12"><span class='ocrx_word' id='word_1_1' title='bbox 452 506 512 576; x_wconf 62' lang='lat' dir='ltr'><strong>urs</strong></span> <span class='ocrx_word' id='word_1_2' title='bbox 603 509 605 513; x_wconf 87' lang='lat'>·</span> <span class='ocrx_word' id='word_1_3' title='bbox 861 507 890 560; x_wconf 87' lang='lat' dir='ltr'><strong>c.</strong></span> <span class='ocrx_word' id='word_1_4' title='bbox 910 506 1085 562; x_wconf 83' lang='lat' dir='ltr'><strong>surmmr</strong></span> 
     </span>
    </p>
   </div>
   <div class='ocr_carea' id='block_1_2' title="bbox 454 629 1478 1894">
    <p class='ocr_par' dir='ltr' id='par_1_2' title="bbox 454 629 1478 1894">
     <span class='ocr_line' id='line_1_2' title="bbox 456 629 1466 726; baseline 0.001 -27"><span class='ocrx_word' id='word_1_5' title='bbox 456 633 526 701; x_wconf 91' lang='lat' dir='ltr'><strong>rius</strong></span> <span class='ocrx_word' id='word_1_6' title='bbox 552 631 711 725; x_wconf 83' lang='lat' dir='ltr'>quiddam</span> <span class='ocrx_word' id='word_1_7' title='bbox 736 645 905 724; x_wconf 80' lang='lat' dir='ltr'><strong>questam,</strong></span> <span class='ocrx_word' id='word_1_8' title='bbox 928 654 1029 699; x_wconf 88' lang='lat' dir='ltr'><strong>manu</strong></span> <span class='ocrx_word' id='word_1_9' title='bbox 1057 629 1292 724; x_wconf 78' lang='lat' dir='ltr'>apprehendit,</span> <span class='ocrx_word' id='word_1_10' title='bbox 1320 656 1466 726; x_wconf 74' lang='lat' dir='ltr'><strong>graecoque</strong></span> 
     </span>
     <span class='ocr_line' id='line_1_3' title="bbox 457 745 1468 842; baseline 0 -24"><span class='ocrx_word' id='word_1_11' title='bbox 457 775 573 838; x_wconf 88' lang='lat' dir='ltr'><strong>versu,</strong></span> <span class='ocrx_word' id='word_1_12' title='bbox 594 750 655 819; x_wconf 70' lang='lat' dir='ltr'><strong>«Si</strong></span> <span class='ocrx_word' id='word_1_13' title='bbox 681 775 749 818; x_wconf 92' lang='lat' dir='ltr'><strong>non</strong></span> <span class='ocrx_word' id='word_1_14' title='bbox 776 749 975 836; x_wconf 86' lang='lat' dir='ltr'><strong>dominaris,</strong></span> <span class='ocrx_word' id='word_1_15' title='bbox 996 749 1123 842; x_wconf 88' lang='lat' dir='ltr'><strong>inquit,</strong></span> <span class='ocrx_word' id='word_1_16' title='bbox 1145 745 1262 836; x_wconf 87' lang='lat' dir='ltr'><strong>filiola,</strong></span> <span class='ocrx_word' id='word_1_17' title='bbox 1284 751 1428 842; x_wconf 87' lang='lat' dir='ltr'><strong>injuriam</strong></span> <span class='ocrx_word' id='word_1_18' title='bbox 1444 766 1468 818; x_wconf 88' lang='lat' dir='ltr'><strong>te</strong></span> 
     </span>
     <span class='ocr_line' id='line_1_4' title="bbox 456 869 1468 964; baseline 0 -26"><span class='ocrx_word' id='word_1_19' title='bbox 456 872 605 964; x_wconf 86' lang='lat' dir='ltr'><strong>accipere</strong></span> <span class='ocrx_word' id='word_1_20' title='bbox 618 869 832 940; x_wconf 76' lang='lat' dir='ltr'><strong>existimast»</strong></span> <span class='ocrx_word' id='word_1_21' title='bbox 845 895 906 938; x_wconf 90' lang='lat' dir='ltr'><strong>nee</strong></span> <span class='ocrx_word' id='word_1_22' title='bbox 920 869 988 938; x_wconf 86' lang='lat' dir='ltr'><strong>ullo</strong></span> <span class='ocrx_word' id='word_1_23' title='bbox 1000 895 1077 938; x_wconf 80' lang='lat' dir='ltr'><strong>mor</strong></span> <span class='ocrx_word' id='word_1_24' title='bbox 1092 895 1244 938; x_wconf 79' lang='lat' dir='ltr'>sermone</span> <span class='ocrx_word' id='word_1_25' title='bbox 1262 869 1409 964; x_wconf 84' lang='lat' dir='ltr'><strong>dignatus</strong></span> <span class='ocrx_word' id='word_1_26' title='bbox 1420 885 1468 938; x_wconf 88' lang='lat' dir='ltr'><strong>est.</strong></span> 
     </span>
     <span class='ocr_line' id='line_1_5' title="bbox 456 986 1469 1083; baseline -0.002 -25"><span class='ocrx_word' id='word_1_27' title='bbox 456 988 638 1078; x_wconf 81' lang='lat' dir='ltr'><strong>Quondam</strong></span> <span class='ocrx_word' id='word_1_28' title='bbox 655 1014 734 1058; x_wconf 88' lang='lat' dir='ltr'><strong>vero</strong></span> <span class='ocrx_word' id='word_1_29' title='bbox 748 991 835 1058; x_wconf 92' lang='lat' dir='ltr'><strong>inter</strong></span> <span class='ocrx_word' id='word_1_30' title='bbox 850 986 978 1057; x_wconf 80' lang='lat' dir='ltr'><strong>coenam</strong></span> <span class='ocrx_word' id='word_1_31' title='bbox 995 1003 1148 1083; x_wconf 86' lang='lat' dir='ltr'><strong>porrecta</strong></span> <span class='ocrx_word' id='word_1_32' title='bbox 1163 1013 1184 1057; x_wconf 85' lang='lat' dir='ltr'><strong>a</strong></span> <span class='ocrx_word' id='word_1_33' title='bbox 1198 1013 1232 1057; x_wconf 91' lang='lat' dir='ltr'><strong>se</strong></span> <span class='ocrx_word' id='word_1_34' title='bbox 1244 1013 1343 1083; x_wconf 90' lang='lat' dir='ltr'><strong>poma</strong></span> <span class='ocrx_word' id='word_1_35' title='bbox 1356 1005 1469 1083; x_wconf 84' lang='lat' dir='ltr'><strong>gustare</strong></span> 
     </span>
     <span class='ocr_line' id='line_1_6' title="bbox 457 1107 1471 1197; baseline -0.002 -19"><span class='ocrx_word' id='word_1_36' title='bbox 457 1135 524 1179; x_wconf 91' lang='lat' dir='ltr'><strong>non</strong></span> <span class='ocrx_word' id='word_1_37' title='bbox 547 1134 681 1197; x_wconf 81' lang='lat' dir='ltr'><strong>ausam,</strong></span> <span class='ocrx_word' id='word_1_38' title='bbox 706 1110 807 1178; x_wconf 88' lang='lat' dir='ltr'><strong>etiam</strong></span> <span class='ocrx_word' id='word_1_39' title='bbox 829 1134 948 1178; x_wconf 86' lang='lat' dir='ltr'><strong>vocare</strong></span> <span class='ocrx_word' id='word_1_40' title='bbox 973 1108 1087 1197; x_wconf 90' lang='lat' dir='ltr'><strong>desiit,</strong></span> <span class='ocrx_word' id='word_1_41' title='bbox 1113 1107 1290 1194; x_wconf 80' lang='lat' dir='ltr'><strong>simulans,</strong></span> <span class='ocrx_word' id='word_1_42' title='bbox 1312 1110 1422 1178; x_wconf 87' lang='lat' dir='ltr'><strong>veneni</strong></span> <span class='ocrx_word' id='word_1_43' title='bbox 1443 1133 1471 1176; x_wconf 89' lang='lat' dir='ltr'><strong>se</strong></span> 
     </span>
     <span class='ocr_line' id='line_1_7' title="bbox 454 1226 1472 1322; baseline -0.003 -24"><span class='ocrx_word' id='word_1_44' title='bbox 454 1230 593 1298; x_wconf 91' lang='lat' dir='ltr'><strong>erimine</strong></span> <span class='ocrx_word' id='word_1_45' title='bbox 610 1231 746 1316; x_wconf 81' lang='lat' dir='ltr'><strong>arcessi3</strong></span> <span class='ocrx_word' id='word_1_46' title='bbox 768 1253 872 1322; x_wconf 92' lang='lat' dir='ltr'><strong>quum</strong></span> <span class='ocrx_word' id='word_1_47' title='bbox 893 1242 1124 1322; x_wconf 68' lang='lat' dir='ltr'><strong>prestructum</strong></span> <span class='ocrx_word' id='word_1_48' title='bbox 1141 1243 1320 1322; x_wconf 88' lang='lat' dir='ltr'><strong>utrumque</strong></span> <span class='ocrx_word' id='word_1_49' title='bbox 1337 1226 1472 1298; x_wconf 89' lang='lat' dir='ltr'><strong>consulto</strong></span> 
     </span>
     <span class='ocr_line' id='line_1_8' title="bbox 455 1347 1470 1444; baseline -0.003 -28"><span class='ocrx_word' id='word_1_50' title='bbox 455 1363 557 1438; x_wconf 86' lang='lat' dir='ltr'><strong>esset,</strong></span> <span class='ocrx_word' id='word_1_51' title='bbox 581 1362 618 1417; x_wconf 87' lang='lat' dir='ltr'><strong>ut</strong></span> <span class='ocrx_word' id='word_1_52' title='bbox 639 1351 762 1444; x_wconf 88' lang='lat' dir='ltr'><strong>etipse</strong></span> <span class='ocrx_word' id='word_1_53' title='bbox 786 1349 936 1418; x_wconf 86' lang='lat' dir='ltr'><strong>tentandi</strong></span> <span class='ocrx_word' id='word_1_54' title='bbox 959 1351 1066 1442; x_wconf 83' lang='lat' dir='ltr'><strong>gratia</strong></span> <span class='ocrx_word' id='word_1_55' title='bbox 1089 1348 1241 1437; x_wconf 79' lang='lat' dir='ltr'><strong>offerret,</strong></span> <span class='ocrx_word' id='word_1_56' title='bbox 1265 1363 1298 1416; x_wconf 94' lang='lat' dir='ltr'><strong>et</strong></span> <span class='ocrx_word' id='word_1_57' title='bbox 1322 1347 1375 1417; x_wconf 83' lang='lat' dir='ltr'><strong>itta</strong></span> <span class='ocrx_word' id='word_1_58' title='bbox 1391 1352 1470 1441; x_wconf 87' lang='lat' dir='ltr'><strong>quasi</strong></span> 
     </span>
     <span class='ocr_line' id='line_1_9' title="bbox 454 1466 1473 1552; baseline -0.002 -16"><span class='ocrx_word' id='word_1_59' title='bbox 454 1469 676 1538; x_wconf 88' lang='lat' dir='ltr'><strong>certissimum</strong></span> <span class='ocrx_word' id='word_1_60' title='bbox 705 1469 841 1536; x_wconf 85' lang='lat' dir='ltr'><strong>exitium</strong></span> <span class='ocrx_word' id='word_1_61' title='bbox 870 1483 1010 1536; x_wconf 83' lang='lat' dir='ltr'><strong>careret.</strong></span> <span class='ocrx_word' id='word_1_62' title='bbox 1037 1468 1225 1538; x_wconf 89' lang='lat' dir='ltr'><strong>Novissime</strong></span> <span class='ocrx_word' id='word_1_63' title='bbox 1251 1466 1473 1552; x_wconf 86' lang='lat' dir='ltr'><strong>calumniatus,</strong></span> 
     </span>
     <span class='ocr_line' id='line_1_10' title="bbox 456 1585 1473 1681; baseline -0.001 -26"><span class='ocrx_word' id='word_1_64' title='bbox 456 1587 555 1655; x_wconf 90' lang='lat' dir='ltr'><strong>modo</strong></span> <span class='ocrx_word' id='word_1_65' title='bbox 569 1587 612 1655; x_wconf 84' lang='lat' dir='ltr'><strong>ad</strong></span> <span class='ocrx_word' id='word_1_66' title='bbox 625 1601 769 1656; x_wconf 86' lang='lat' dir='ltr'><strong>statuam</strong></span> <span class='ocrx_word' id='word_1_67' title='bbox 783 1588 945 1681; x_wconf 81' lang='lat' dir='ltr'><strong>Augusti,</strong></span> <span class='ocrx_word' id='word_1_68' title='bbox 962 1585 1062 1655; x_wconf 90' lang='lat' dir='ltr'><strong>modo</strong></span> <span class='ocrx_word' id='word_1_69' title='bbox 1079 1585 1121 1654; x_wconf 87' lang='lat' dir='ltr'><strong>ad</strong></span> <span class='ocrx_word' id='word_1_70' title='bbox 1135 1587 1298 1654; x_wconf 83' lang='lat' dir='ltr'><strong>exercitus</strong></span> <span class='ocrx_word' id='word_1_71' title='bbox 1312 1585 1473 1680; x_wconf 82' lang='lat' dir='ltr'><strong>confugere</strong></span> 
     </span>
     <span class='ocr_line' id='line_1_11' title="bbox 454 1704 1476 1801; baseline -0.002 -27"><span class='ocrx_word' id='word_1_72' title='bbox 454 1705 556 1795; x_wconf 87' lang='lat' dir='ltr'><strong>velle,</strong></span> <span class='ocrx_word' id='word_1_73' title='bbox 570 1706 801 1776; x_wconf 84' lang='lat' dir='ltr'><strong>Pandateriam</strong></span> <span class='ocrx_word' id='word_1_74' title='bbox 815 1704 991 1801; x_wconf 79' lang='lat' dir='ltr'><strong>relegavit3</strong></span> <span class='ocrx_word' id='word_1_75' title='bbox 1005 1707 1269 1798; x_wconf 82' lang='lat' dir='ltr'><strong>conuiciantique</strong></span> <span class='ocrx_word' id='word_1_76' title='bbox 1283 1704 1414 1775; x_wconf 89' lang='lat' dir='ltr'><strong>oculum</strong></span> <span class='ocrx_word' id='word_1_77' title='bbox 1427 1729 1476 1798; x_wconf 90' lang='lat' dir='ltr'><strong>per</strong></span> 
     </span>
     <span class='ocr_line' id='line_1_12' title="bbox 454 1823 1478 1894; baseline -0.003 0"><span class='ocrx_word' id='word_1_78' title='bbox 454 1825 684 1894; x_wconf 84' lang='lat' dir='ltr'><strong>centurionem</strong></span> <span class='ocrx_word' id='word_1_79' title='bbox 713 1826 904 1894; x_wconf 88' lang='lat' dir='ltr'><strong>verberibus</strong></span> <span class='ocrx_word' id='word_1_80' title='bbox 933 1827 1085 1894; x_wconf 85' lang='lat' dir='ltr'><strong>excussit.</strong></span> <span class='ocrx_word' id='word_1_81' title='bbox 1118 1829 1248 1894; x_wconf 85' lang='lat' dir='ltr'><strong>Rursus</strong></span> <span class='ocrx_word' id='word_1_82' title='bbox 1271 1825 1356 1894; x_wconf 92' lang='lat' dir='ltr'><strong>mori</strong></span> <span class='ocrx_word' id='word_1_83' title='bbox 1381 1823 1478 1894; x_wconf 88' lang='lat' dir='ltr'><strong>inedia</strong></span> 
     </span>
    </p>
   </div>
   <div class='ocr_carea' id='block_1_3' title="bbox 454 1941 1484 2634">
    <p class='ocr_par' dir='ltr' id='par_1_3' title="bbox 454 1941 1484 2634">
     <span class='ocr_line' id='line_1_13' title="bbox 456 1941 1474 2038; baseline -0.001 -27"><span class='ocrx_word' id='word_1_84' title='bbox 456 1943 651 2031; x_wconf 86' lang='lat' dir='ltr'><strong>destinanti,</strong></span> <span class='ocrx_word' id='word_1_85' title='bbox 671 1969 731 2038; x_wconf 90' lang='lat' dir='ltr'><strong>per</strong></span> <span class='ocrx_word' id='word_1_86' title='bbox 746 1945 813 2012; x_wconf 89' lang='lat' dir='ltr'><strong>vim</strong></span> <span class='ocrx_word' id='word_1_87' title='bbox 832 1969 891 2013; x_wconf 86' lang='lat' dir='ltr'><strong>ore</strong></span> <span class='ocrx_word' id='word_1_88' title='bbox 908 1941 1063 2032; x_wconf 90' lang='lat' dir='ltr'><strong>diducto,</strong></span> <span class='ocrx_word' id='word_1_89' title='bbox 1082 1943 1226 2014; x_wconf 89' lang='lat' dir='ltr'><strong>infulciri</strong></span> <span class='ocrx_word' id='word_1_90' title='bbox 1246 1946 1360 2014; x_wconf 92' lang='lat' dir='ltr'><strong>eibum</strong></span> <span class='ocrx_word' id='word_1_91' title='bbox 1377 1946 1474 2038; x_wconf 87' lang='lat' dir='ltr'><strong>jussit.</strong></span> 
     </span>
     <span class='ocr_line' id='line_1_14' title="bbox 456 2061 1478 2156; baseline -0.002 -24"><span class='ocrx_word' id='word_1_92' title='bbox 456 2061 521 2132; x_wconf 86' lang='lat' dir='ltr'><strong>Sed</strong></span> <span class='ocrx_word' id='word_1_93' title='bbox 539 2077 572 2130; x_wconf 90' lang='lat' dir='ltr'><strong>et</strong></span> <span class='ocrx_word' id='word_1_94' title='bbox 589 2077 872 2156; x_wconf 90' lang='lat' dir='ltr'><strong>perseverantem,</strong></span> <span class='ocrx_word' id='word_1_95' title='bbox 894 2077 994 2156; x_wconf 87' lang='lat' dir='ltr'><strong>atque</strong></span> <span class='ocrx_word' id='word_1_96' title='bbox 1007 2065 1054 2132; x_wconf 85' lang='lat' dir='ltr'><strong>ita</strong></span> <span class='ocrx_word' id='word_1_97' title='bbox 1065 2063 1266 2152; x_wconf 87' lang='lat' dir='ltr'><strong>absumtam,</strong></span> <span class='ocrx_word' id='word_1_98' title='bbox 1286 2065 1478 2134; x_wconf 87' lang='lat' dir='ltr'><strong>criminosis-</strong></span> 
     </span>
     <span class='ocr_line' id='line_1_15' title="bbox 455 2181 1480 2275; baseline -0.002 -25"><span class='ocrx_word' id='word_1_99' title='bbox 455 2182 536 2250; x_wconf 85' lang='lat' dir='ltr'><strong>sime</strong></span> <span class='ocrx_word' id='word_1_100' title='bbox 567 2183 748 2250; x_wconf 86' lang='lat' dir='ltr'><strong>inseetatus</strong></span> <span class='ocrx_word' id='word_1_101' title='bbox 768 2197 834 2268; x_wconf 88' lang='lat' dir='ltr'><strong>est,</strong></span> <span class='ocrx_word' id='word_1_102' title='bbox 851 2207 954 2274; x_wconf 91' lang='lat' dir='ltr'><strong>quum</strong></span> <span class='ocrx_word' id='word_1_103' title='bbox 982 2181 1070 2250; x_wconf 91' lang='lat' dir='ltr'><strong>diem</strong></span> <span class='ocrx_word' id='word_1_104' title='bbox 1091 2207 1225 2275; x_wconf 89' lang='lat' dir='ltr'><strong>quoque</strong></span> <span class='ocrx_word' id='word_1_105' title='bbox 1250 2182 1395 2252; x_wconf 87' lang='lat' dir='ltr'><strong>natalem</strong></span> <span class='ocrx_word' id='word_1_106' title='bbox 1417 2183 1480 2274; x_wconf 75' lang='lat' dir='ltr'><strong>ejus</strong></span> 
     </span>
     <span class='ocr_line' id='line_1_16' title="bbox 455 2298 1481 2394; baseline 0 -26"><span class='ocrx_word' id='word_1_107' title='bbox 455 2301 541 2368; x_wconf 90' lang='lat' dir='ltr'><strong>inter</strong></span> <span class='ocrx_word' id='word_1_108' title='bbox 569 2299 713 2368; x_wconf 87' lang='lat' dir='ltr'><strong>nefastos</strong></span> <span class='ocrx_word' id='word_1_109' title='bbox 743 2298 954 2368; x_wconf 86' lang='lat' dir='ltr'><strong>referendum</strong></span> <span class='ocrx_word' id='word_1_110' title='bbox 978 2301 1142 2369; x_wconf 88' lang='lat' dir='ltr'><strong>suasisset.</strong></span> <span class='ocrx_word' id='word_1_111' title='bbox 1162 2304 1348 2394; x_wconf 86' lang='lat' dir='ltr'><strong>Imputavit</strong></span> <span class='ocrx_word' id='word_1_112' title='bbox 1370 2304 1481 2382; x_wconf 83' lang='lat' dir='ltr'><strong>etiam,</strong></span> 
     </span>
     <span class='ocr_line' id='line_1_17' title="bbox 454 2415 1482 2514; baseline -0.001 -27"><span class='ocrx_word' id='word_1_113' title='bbox 454 2417 544 2512; x_wconf 94' lang='lat' dir='ltr'><strong>quod</strong></span> <span class='ocrx_word' id='word_1_114' title='bbox 563 2443 631 2486; x_wconf 91' lang='lat' dir='ltr'><strong>non</strong></span> <span class='ocrx_word' id='word_1_115' title='bbox 652 2415 770 2512; x_wconf 88' lang='lat' dir='ltr'><strong>laqueo</strong></span> <span class='ocrx_word' id='word_1_116' title='bbox 790 2417 1030 2514; x_wconf 81' lang='lat' dir='ltr'><strong>strangulatam</strong></span> <span class='ocrx_word' id='word_1_117' title='bbox 1056 2419 1091 2487; x_wconf 90' lang='lat' dir='ltr'><strong>in</strong></span> <span class='ocrx_word' id='word_1_118' title='bbox 1112 2420 1292 2490; x_wconf 89' lang='lat' dir='ltr'><strong>Gemonias</strong></span> <span class='ocrx_word' id='word_1_119' title='bbox 1312 2421 1482 2514; x_wconf 86' lang='lat' dir='ltr'><strong>abjecerit:</strong></span> 
     </span>
     <span class='ocr_line' id='line_1_18' title="bbox 454 2535 1484 2634; baseline -0.002 -28"><span class='ocrx_word' id='word_1_120' title='bbox 454 2562 582 2634; x_wconf 88' lang='lat' dir='ltr'><strong>proque</strong></span> <span class='ocrx_word' id='word_1_121' title='bbox 593 2535 650 2606; x_wconf 82' lang='lat' dir='ltr'><strong>tali</strong></span> <span class='ocrx_word' id='word_1_122' title='bbox 665 2536 840 2606; x_wconf 85' lang='lat' dir='ltr'><strong>elementia</strong></span> <span class='ocrx_word' id='word_1_123' title='bbox 854 2538 1021 2630; x_wconf 88' lang='lat' dir='ltr'><strong>interponi</strong></span> <span class='ocrx_word' id='word_1_124' title='bbox 1032 2537 1202 2608; x_wconf 88' lang='lat' dir='ltr'><strong>decretum</strong></span> <span class='ocrx_word' id='word_1_125' title='bbox 1216 2563 1333 2631; x_wconf 88' lang='lat' dir='ltr'><strong>passus</strong></span> <span class='ocrx_word' id='word_1_126' title='bbox 1348 2555 1413 2628; x_wconf 89' lang='lat' dir='ltr'><strong>est,</strong></span> <span class='ocrx_word' id='word_1_127' title='bbox 1424 2563 1484 2633; x_wconf 92' lang='lat' dir='ltr'><strong>quo</strong></span> 
     </span>
    </p>
   </div>
   <div class='ocr_carea' id='block_1_4' title="bbox 451 2655 1509 4176">
    <p class='ocr_par' dir='ltr' id='par_1_4' title="bbox 453 2655 1487 2846">
     <span class='ocr_line' id='line_1_19' title="bbox 453 2655 1487 2753; baseline -0.002 -27"><span class='ocrx_word' id='word_1_128' title='bbox 453 2658 518 2726; x_wconf 88' lang='lat' dir='ltr'><strong>sibi</strong></span> <span class='ocrx_word' id='word_1_129' title='bbox 536 2658 649 2753; x_wconf 79' lang='lat' dir='ltr'><strong>gratiae</strong></span> <span class='ocrx_word' id='word_1_130' title='bbox 668 2671 857 2753; x_wconf 84' lang='lat' dir='ltr'><strong>agerentur,</strong></span> <span class='ocrx_word' id='word_1_131' title='bbox 872 2671 906 2725; x_wconf 92' lang='lat' dir='ltr'><strong>et</strong></span> <span class='ocrx_word' id='word_1_132' title='bbox 918 2655 1109 2750; x_wconf 85' lang='lat' dir='ltr'><strong>Capitolino</strong></span> <span class='ocrx_word' id='word_1_133' title='bbox 1126 2657 1199 2726; x_wconf 84' lang='lat' dir='ltr'><strong>tovi</strong></span> <span class='ocrx_word' id='word_1_134' title='bbox 1212 2655 1341 2728; x_wconf 90' lang='lat' dir='ltr'><strong>donum</strong></span> <span class='ocrx_word' id='word_1_135' title='bbox 1356 2685 1397 2730; x_wconf 83' lang='lat' dir='ltr'><strong>ex</strong></span> <span class='ocrx_word' id='word_1_136' title='bbox 1411 2683 1487 2728; x_wconf 89' lang='lat' dir='ltr'><strong>auro</strong></span> 
     </span>
     <span class='ocr_line' id='line_1_20' title="bbox 453 2789 649 2846; baseline 0 -2"><span class='ocrx_word' id='word_1_137' title='bbox 453 2789 649 2846; x_wconf 86' lang='lat' dir='ltr'><strong>sacraretur.</strong></span> 
     </span>
    </p>

    <p class='ocr_par' dir='ltr' id='par_1_5' title="bbox 451 2895 1509 4176">
     <span class='ocr_line' id='line_1_21' title="bbox 500 2895 1490 2992; baseline -0.001 -29"><span class='ocrx_word' id='word_1_138' title='bbox 500 2895 588 2966; x_wconf 85' lang='lat' dir='ltr'>LIV.</span> <span class='ocrx_word' id='word_1_139' title='bbox 608 2897 724 2983; x_wconf 91' lang='lat' dir='ltr'><strong>Quum</strong></span> <span class='ocrx_word' id='word_1_140' title='bbox 738 2922 775 2964; x_wconf 85' lang='lat' dir='ltr'><strong>ex</strong></span> <span class='ocrx_word' id='word_1_141' title='bbox 794 2897 996 2967; x_wconf 90' lang='lat' dir='ltr'><strong>Germanico</strong></span> <span class='ocrx_word' id='word_1_142' title='bbox 1014 2911 1079 2966; x_wconf 88' lang='lat' dir='ltr'><strong>tres</strong></span> <span class='ocrx_word' id='word_1_143' title='bbox 1098 2913 1255 2992; x_wconf 87' lang='lat' dir='ltr'><strong>nepotes,</strong></span> <span class='ocrx_word' id='word_1_144' title='bbox 1271 2899 1444 2969; x_wconf 84' lang='lat' dir='ltr'><strong>Neronem</strong></span> <span class='ocrx_word' id='word_1_145' title='bbox 1461 2912 1490 2963; x_wconf 87' lang='lat' dir='ltr'><strong>et</strong></span> 
     </span>
     <span class='ocr_line' id='line_1_22' title="bbox 452 3016 1492 3106; baseline 0 -24"><span class='ocrx_word' id='word_1_146' title='bbox 452 3017 602 3082; x_wconf 90' lang='lat' dir='ltr'><strong>Drusum</strong></span> <span class='ocrx_word' id='word_1_147' title='bbox 616 3029 649 3082; x_wconf 92' lang='lat' dir='ltr'><strong>et</strong></span> <span class='ocrx_word' id='word_1_148' title='bbox 665 3016 802 3104; x_wconf 86' lang='lat' dir='ltr'><strong>Caium,</strong></span> <span class='ocrx_word' id='word_1_149' title='bbox 817 3040 856 3083; x_wconf 83' lang='lat' dir='ltr'><strong>ex</strong></span> <span class='ocrx_word' id='word_1_150' title='bbox 869 3019 982 3085; x_wconf 88' lang='lat' dir='ltr'><strong>Druso</strong></span> <span class='ocrx_word' id='word_1_151' title='bbox 998 3041 1119 3104; x_wconf 90' lang='lat' dir='ltr'><strong>unum,</strong></span> <span class='ocrx_word' id='word_1_152' title='bbox 1133 3018 1320 3106; x_wconf 88' lang='lat' dir='ltr'><strong>Tiberium,</strong></span> <span class='ocrx_word' id='word_1_153' title='bbox 1341 3018 1492 3099; x_wconf 58' lang='lat' dir='ltr'><strong>haberem</strong></span> 
     </span>
     <span class='ocr_line' id='line_1_23' title="bbox 453 3131 1494 3222; baseline 0.002 -24"><span class='ocrx_word' id='word_1_154' title='bbox 453 3131 631 3200; x_wconf 88' lang='lat' dir='ltr'><strong>destitutus</strong></span> <span class='ocrx_word' id='word_1_155' title='bbox 641 3148 747 3201; x_wconf 88' lang='lat' dir='ltr'><strong>morte</strong></span> <span class='ocrx_word' id='word_1_156' title='bbox 761 3133 960 3222; x_wconf 90' lang='lat' dir='ltr'><strong>liberorum,</strong></span> <span class='ocrx_word' id='word_1_157' title='bbox 974 3137 1135 3204; x_wconf 79' lang='lat' dir='ltr'><strong>maximos</strong></span> <span class='ocrx_word' id='word_1_158' title='bbox 1148 3149 1229 3204; x_wconf 86' lang='lat' dir='ltr'><strong>notu</strong></span> <span class='ocrx_word' id='word_1_159' title='bbox 1241 3136 1282 3204; x_wconf 90' lang='lat' dir='ltr'><strong>de</strong></span> <span class='ocrx_word' id='word_1_160' title='bbox 1295 3135 1494 3206; x_wconf 89' lang='lat' dir='ltr'><strong>Germanici</strong></span> 
     </span>
     <span class='ocr_line' id='line_1_24' title="bbox 453 3246 1495 3345; baseline 0.002 -29"><span class='ocrx_word' id='word_1_161' title='bbox 453 3246 545 3336; x_wconf 84' lang='lat' dir='ltr'><strong>filiis,</strong></span> <span class='ocrx_word' id='word_1_162' title='bbox 557 3251 725 3321; x_wconf 88' lang='lat' dir='ltr'><strong>Neronem</strong></span> <span class='ocrx_word' id='word_1_163' title='bbox 737 3266 769 3320; x_wconf 83' lang='lat' dir='ltr'><strong>et</strong></span> <span class='ocrx_word' id='word_1_164' title='bbox 779 3255 944 3340; x_wconf 92' lang='lat' dir='ltr'><strong>Drusum,</strong></span> <span class='ocrx_word' id='word_1_165' title='bbox 957 3256 993 3321; x_wconf 92' lang='lat' dir='ltr'><strong>P.</strong></span> <span class='ocrx_word' id='word_1_166' title='bbox 1005 3257 1042 3324; x_wconf 89' lang='lat' dir='ltr'><strong>C.</strong></span> <span class='ocrx_word' id='word_1_167' title='bbox 1056 3253 1320 3323; x_wconf 89' lang='lat' dir='ltr'><strong>commendavit:</strong></span> <span class='ocrx_word' id='word_1_168' title='bbox 1338 3254 1495 3345; x_wconf 88' lang='lat' dir='ltr'><strong>diemque</strong></span> 
     </span>
     <span class='ocr_line' id='line_1_25' title="bbox 453 3367 1498 3466; baseline 0.005 -32"><span class='ocrx_word' id='word_1_169' title='bbox 453 3367 625 3461; x_wconf 88' lang='lat' dir='ltr'><strong>utriusque</strong></span> <span class='ocrx_word' id='word_1_170' title='bbox 641 3371 803 3458; x_wconf 84' lang='lat' dir='ltr'><strong>tirocinii,</strong></span> <span class='ocrx_word' id='word_1_171' title='bbox 821 3373 991 3464; x_wconf 83' lang='lat' dir='ltr'><strong>congiario</strong></span> <span class='ocrx_word' id='word_1_172' title='bbox 1008 3371 1095 3466; x_wconf 89' lang='lat' dir='ltr'><strong>plebi</strong></span> <span class='ocrx_word' id='word_1_173' title='bbox 1110 3371 1204 3458; x_wconf 87' lang='lat' dir='ltr'><strong>dato,</strong></span> <span class='ocrx_word' id='word_1_174' title='bbox 1222 3369 1498 3444; x_wconf 60' lang='lat' dir='ltr'><strong>celebravisset</strong></span> 
     </span>
     <span class='ocr_line' id='line_1_26' title="bbox 452 3489 1499 3586; baseline 0.003 -33"><span class='ocrx_word' id='word_1_175' title='bbox 452 3500 490 3554; x_wconf 89' lang='lat' dir='ltr'><strong>ut</strong></span> <span class='ocrx_word' id='word_1_176' title='bbox 512 3489 692 3582; x_wconf 88' lang='lat' dir='ltr'><strong>comperit,</strong></span> <span class='ocrx_word' id='word_1_177' title='bbox 713 3491 849 3559; x_wconf 88' lang='lat' dir='ltr'><strong>ineunte</strong></span> <span class='ocrx_word' id='word_1_178' title='bbox 876 3516 980 3580; x_wconf 86' lang='lat' dir='ltr'><strong>anno,</strong></span> <span class='ocrx_word' id='word_1_179' title='bbox 999 3517 1061 3584; x_wconf 89' lang='lat' dir='ltr'><strong>pro</strong></span> <span class='ocrx_word' id='word_1_180' title='bbox 1086 3517 1200 3561; x_wconf 92' lang='lat' dir='ltr'><strong>eorum</strong></span> <span class='ocrx_word' id='word_1_181' title='bbox 1227 3518 1368 3586; x_wconf 87' lang='lat' dir='ltr'><strong>quoque</strong></span> <span class='ocrx_word' id='word_1_182' title='bbox 1394 3492 1499 3562; x_wconf 89' lang='lat' dir='ltr'><strong>salute</strong></span> 
     </span>
     <span class='ocr_line' id='line_1_27' title="bbox 451 3604 1502 3704; baseline 0.008 -32"><span class='ocrx_word' id='word_1_183' title='bbox 451 3604 584 3700; x_wconf 87' lang='lat' dir='ltr'><strong>publice</strong></span> <span class='ocrx_word' id='word_1_184' title='bbox 605 3621 682 3675; x_wconf 86' lang='lat' dir='ltr'><strong>vota</strong></span> <span class='ocrx_word' id='word_1_185' title='bbox 707 3625 877 3702; x_wconf 89' lang='lat' dir='ltr'><strong>suscepta,</strong></span> <span class='ocrx_word' id='word_1_186' title='bbox 901 3612 969 3704; x_wconf 83' lang='lat' dir='ltr'><strong>egit</strong></span> <span class='ocrx_word' id='word_1_187' title='bbox 994 3635 1070 3678; x_wconf 90' lang='lat' dir='ltr'><strong>eum</strong></span> <span class='ocrx_word' id='word_1_188' title='bbox 1094 3627 1227 3699; x_wconf 82' lang='lat' dir='ltr'><strong>senatu,</strong></span> <span class='ocrx_word' id='word_1_189' title='bbox 1246 3615 1358 3682; x_wconf 75' lang='lat' dir='ltr'><strong>«Non</strong></span> <span class='ocrx_word' id='word_1_190' title='bbox 1382 3613 1502 3680; x_wconf 83' lang='lat' dir='ltr'><strong>debere</strong></span> 
     </span>
     <span class='ocr_line' id='line_1_28' title="bbox 453 3723 1503 3826; baseline 0.004 -34"><span class='ocrx_word' id='word_1_191' title='bbox 453 3723 533 3794; x_wconf 90' lang='lat' dir='ltr'><strong>talia</strong></span> <span class='ocrx_word' id='word_1_192' title='bbox 553 3727 687 3818; x_wconf 79' lang='lat' dir='ltr'><strong>praemia</strong></span> <span class='ocrx_word' id='word_1_193' title='bbox 711 3729 833 3815; x_wconf 91' lang='lat' dir='ltr'><strong>tribui,</strong></span> <span class='ocrx_word' id='word_1_194' title='bbox 855 3730 919 3798; x_wconf 91' lang='lat' dir='ltr'><strong>nisi</strong></span> <span class='ocrx_word' id='word_1_195' title='bbox 942 3731 1085 3824; x_wconf 84' lang='lat' dir='ltr'><strong>expertis</strong></span> <span class='ocrx_word' id='word_1_196' title='bbox 1105 3745 1138 3799; x_wconf 91' lang='lat' dir='ltr'><strong>et</strong></span> <span class='ocrx_word' id='word_1_197' title='bbox 1158 3745 1254 3800; x_wconf 86' lang='lat' dir='ltr'><strong>aetate</strong></span> <span class='ocrx_word' id='word_1_198' title='bbox 1275 3735 1503 3826; x_wconf 73' lang='lat' dir='ltr'><strong>provectiszn</strong></span> 
     </span>
     <span class='ocr_line' id='line_1_29' title="bbox 451 3849 1505 3946; baseline 0.008 -34"><span class='ocrx_word' id='word_1_199' title='bbox 451 3857 550 3938; x_wconf 88' lang='lat' dir='ltr'><strong>atque</strong></span> <span class='ocrx_word' id='word_1_200' title='bbox 563 3870 603 3913; x_wconf 85' lang='lat' dir='ltr'><strong>ex</strong></span> <span class='ocrx_word' id='word_1_201' title='bbox 618 3871 678 3934; x_wconf 89' lang='lat' dir='ltr'><strong>eo,</strong></span> <span class='ocrx_word' id='word_1_202' title='bbox 695 3849 858 3941; x_wconf 86' lang='lat' dir='ltr'><strong>patefacta</strong></span> <span class='ocrx_word' id='word_1_203' title='bbox 874 3849 1033 3918; x_wconf 87' lang='lat' dir='ltr'><strong>interiore</strong></span> <span class='ocrx_word' id='word_1_204' title='bbox 1044 3851 1145 3918; x_wconf 91' lang='lat' dir='ltr'><strong>animi</strong></span> <span class='ocrx_word' id='word_1_205' title='bbox 1161 3852 1211 3920; x_wconf 92' lang='lat' dir='ltr'><strong>sui</strong></span> <span class='ocrx_word' id='word_1_206' title='bbox 1223 3865 1319 3946; x_wconf 83' lang='lat' dir='ltr'><strong>nota,</strong></span> <span class='ocrx_word' id='word_1_207' title='bbox 1341 3856 1505 3923; x_wconf 92' lang='lat' dir='ltr'><strong>omnium</strong></span> 
     </span>
     <span class='ocr_line' id='line_1_30' title="bbox 453 3965 1509 4062; baseline 0.009 -31"><span class='ocrx_word' id='word_1_208' title='bbox 453 3965 741 4034; x_wconf 89' lang='lat' dir='ltr'><strong>criminationibus</strong></span> <span class='ocrx_word' id='word_1_209' title='bbox 757 3968 919 4036; x_wconf 84' lang='lat' dir='ltr'><strong>obnoxios</strong></span> <span class='ocrx_word' id='word_1_210' title='bbox 940 3967 1108 4037; x_wconf 90' lang='lat' dir='ltr'><strong>reddidit:</strong></span> <span class='ocrx_word' id='word_1_211' title='bbox 1128 3971 1284 4062; x_wconf 88' lang='lat' dir='ltr'><strong>variaque</strong></span> <span class='ocrx_word' id='word_1_212' title='bbox 1304 3971 1439 4042; x_wconf 85' lang='lat' dir='ltr'><strong>fraude</strong></span> <span class='ocrx_word' id='word_1_213' title='bbox 1457 3975 1509 4045; x_wconf 88' lang='lat' dir='ltr'><strong>in·</strong></span> 
     </span>
     <span class='ocr_line' id='line_1_31' title="bbox 452 4081 1509 4176; baseline 0.009 -28"><span class='ocrx_word' id='word_1_214' title='bbox 452 4081 589 4170; x_wconf 87' lang='lat' dir='ltr'><strong>ductos,</strong></span> <span class='ocrx_word' id='word_1_215' title='bbox 618 4099 656 4152; x_wconf 92' lang='lat' dir='ltr'><strong>ut</strong></span> <span class='ocrx_word' id='word_1_216' title='bbox 678 4097 710 4153; x_wconf 89' lang='lat' dir='ltr'><strong>et</strong></span> <span class='ocrx_word' id='word_1_217' title='bbox 734 4087 982 4156; x_wconf 82' lang='lat' dir='ltr'><strong>concitarentur</strong></span> <span class='ocrx_word' id='word_1_218' title='bbox 1010 4087 1052 4154; x_wconf 86' lang='lat' dir='ltr'><strong>ad</strong></span> <span class='ocrx_word' id='word_1_219' title='bbox 1078 4091 1244 4176; x_wconf 87' lang='lat' dir='ltr'><strong>convicia,</strong></span> <span class='ocrx_word' id='word_1_220' title='bbox 1268 4105 1302 4158; x_wconf 91' lang='lat' dir='ltr'><strong>et</strong></span> <span class='ocrx_word' id='word_1_221' title='bbox 1335 4093 1509 4162; x_wconf 83' lang='lat' dir='ltr'><strong>concitati</strong></span> 
     </span>
    </p>
   </div>
   <div class='ocr_carea' id='block_1_5' title="bbox 0 0 1561 5434">
    <p class='ocr_par' dir='ltr' id='par_1_6' title="bbox 0 0 1561 5434">
     <span class='ocr_line' id='line_1_32' title="bbox 0 0 1561 5434; baseline 0 0"><span class='ocrx_word' id='word_1_222' title='bbox 0 0 1561 5434; x_wconf 95' lang='lat' dir='ltr'><strong> </strong></span> 
     </span>
    </p>
   </div>
  </div>
 </body>
</html>
