3098 5446
106 537 1117 564 mmmmm

346 792 844 898 DOMITIANUS.

512 1136 672 1155 *ι

86 1377 107 1441 l.
128 1316 380 1448 Domnilaus
393 1393 491 1448 natus
504 1394 553 1448 est
565 1404 656 1456 nono
669 1379 825 1450 kalendas
841 1381 1042 1466 novembris,
1056 1405 1115 1476 pa-

86 1510 128 1562 tre
145 1497 282 1568 consule
303 1497 495 1595 designato,
512 1501 704 1595 inituroque
721 1527 833 1570 mense
849 1501 1037 1596 insequenti
1055 1501 1115 1570 ho-

84 1639 187 1684 norem
200 1668 212 1704 ,
229 1620 366 1712 regione
381 1619 473 1688 urbis
485 1634 591 1709 sexta,
604 1619 647 1689 ad
660 1619 790 1690 Malum
807 1622 984 1710 Punicum,
997 1621 1114 1710 domo,

83 1759 172 1826 quam
199 1754 318 1832 postea
337 1741 372 1808 in
392 1739 553 1835 templum
575 1743 683 1837 gentis
709 1740 830 1812 Flavias
847 1743 1021 1810 convertit.
1041 1745 1111 1810 Pu·

82 1854 209 1926 bertatis
238 1884 279 1930 ac
308 1861 424 1955 primae
449 1859 677 1932 adolescentie
701 1877 853 1956 tempus,
878 1875 973 1932 tanta
1001 1863 1115 1956 inopia

83 1991 233 2072 tantaque
261 1979 397 2050 infamia
417 1983 552 2075 gessisse
572 1982 688 2068 fertur,
708 1997 745 2051 ut
771 1981 900 2052 nullum
919 1997 1113 2080 argenteum

81 2122 131 2165 ras
147 2100 180 2168 in
203 2125 268 2170 usu
293 2101 432 2171 haberet
454 2105 626 2198 :satisque
644 2118 792 2188 constat,
813 2103 968 2175 Clodium
987 2102 1113 2174 Pollio-

79 2243 147 2288 nem
165 2223 362 2315 praetorium
387 2224 516 2312 virum,
539 2224 574 2292 in
603 2248 703 2316 quem
730 2239 780 2293 est
802 2247 921 2318 poema
948 2225 1114 2312 Neronis,

78 2341 161 2430 quod
188 2343 388 2414 inscribitur
418 2347 560 2427 Luscio,
590 2344 850 2440 chirographum
881 2346 953 2438 ejus
978 2370 1114 2415 conser-

78 2485 183 2552 vasse,
201 2478 237 2532 et
256 2487 496 2559 nonnunquam
514 2463 710 2558 protulisse,
726 2481 858 2536 noctem
873 2466 935 2535 sibi
952 2465 1114 2562 pollicen-

76 2582 112 2650 tis
129 2610 138 2652 :
158 2609 222 2656 nec
238 2585 433 2675 doluerunt,
459 2587 516 2680 qui
540 2584 765 2674 affirmarent,
781 2603 976 2681 corruptum
992 2588 1113 2657 Domi·

74 2703 197 2773 tianum
213 2721 249 2774 et
264 2730 284 2774 a
297 2707 426 2794 Nerva,
443 2730 632 2776 successore
646 2731 724 2775 mor
738 2730 810 2775 suo.
826 2704 919 2775 Bello
933 2703 1114 2776 Vitelliano

73 2824 223 2921 confugit
253 2826 289 2895 in
314 2824 518 2920 Capitolium
541 2851 617 2894 curn
639 2840 760 2921 patruo
787 2826 930 2912 Sabino,
961 2849 1000 2894 ac
1019 2839 1115 2920 parte

71 2947 287 3036 praesentium
307 2947 478 3041 copiarum
499 2971 508 3014 ε
531 2943 589 3015 sed
615 2946 878 3040 irrumpentibus
895 2945 1112 3036 adversariis,

70 3077 99 3132 et
122 3065 271 3135 ardente
296 3064 442 3161 templo,
471 3065 561 3160 apud
584 3065 743 3135 adituum
772 3063 856 3135 clam
875 3067 1112 3160 pernoctavit:

67 3209 100 3252 ac
112 3212 216 3258 mane
230 3189 330 3260 Isiaci
344 3185 469 3258 celatus
482 3187 616 3275 babitu,
633 3187 786 3280 interque
803 3187 1005 3257 sacrificulos
1021 3213 1114 3258 veum

69 3309 337 3401 superstitionis,
361 3332 465 3402 quum
494 3331 529 3376 se
546 3322 640 3376 trans
659 3307 808 3377 Tiberim
832 3307 875 3377 ad
895 3308 1112 3404 condiscipuli

67 3429 114 3495 sui
130 3445 282 3499 matrem
301 3430 422 3498 comite
438 3453 507 3498 uno
526 3425 741 3516 contulisset,
759 3429 804 3496 ita
825 3425 941 3516 latuit,
958 3443 997 3498 ut
1017 3454 1113 3499 scru-

65 3551 240 3639 lantibus,
258 3553 317 3646 qui
337 3553 474 3647 vestigia
498 3551 665 3620 subsecuti
683 3564 796 3640 erant,
814 3549 1017 3645 deprehendi
1044 3575 1112 3618 non

65 3675 223 3764 potuerit.
246 3675 329 3742 Post
346 3673 520 3742 victoriam
538 3671 672 3742 demum
699 3696 913 3767 progressus,
942 3685 977 3739 et
1001 3672 1113 3740 Caesar

64 3793 318 3881 consalutatus,
340 3793 505 3863 bonorem
525 3808 677 3888 praeturae
697 3793 831 3862 urbanae
847 3816 923 3860 cum
943 3789 1111 3860 consulari

63 3929 232 4007 potestate
253 3915 398 4008 suscepit
416 3913 514 3984 titulo
542 3928 637 3984 tenus
658 3940 667 3982 ε
687 3937 764 3984 nam
782 3911 1046 4006 jurisdictionem
1067 3910 1110 3979 ad

63 4034 226 4133 collegam
266 4036 454 4138 proximum
484 4032 666 4104 transtulit.
700 4031 857 4106 Ceterum
884 4056 1018 4101 omnem
1042 4033 1111 4100 vim

62 4155 305 4228 dominationis
323 4171 390 4226 tam
414 4155 553 4226 licenter
570 4155 734 4244 exercuit,
752 4169 791 4224 ut
802 4155 872 4249 jam
893 4167 986 4242 tum,
1006 4150 1112 4246 qualis
