3098 5446
571 451 679 600 NEilO.
1083 543 1138 601 26⁵

122 665 247 760 recepit.
275 667 409 734 Partem
436 663 535 733 etism
559 687 677 744 ¹census
702 687 816 732 omnes
845 663 974 734 ordines
994 665 1141 736 conserte

119 786 236 879 possit:
264 799 297 852 et
316 785 460 878 ¹insuper
483 780 660 877 inquilinos
681 785 882 878 privatarum
905 783 1023 854 odium
1041 800 1140 880 atque

121 902 297 974 insularum
317 903 507 999 pensionem
528 925 671 972 annuam
689 916 920 994 repraesentare
937 902 1043 973 fiseo:
1067 929 1141 973 exe-

122 1025 228 1118 gitque
248 1023 376 1118 ingenti
391 1016 523 1098 fastidio
537 1035 571 1092 et
585 1019 763 1092 acerbitate
779 1045 952 1092 nummum
971 1045 1141 1116 asperum,
1237 1085 1240 1090 ,

122 1157 293 1238 argentum
305 1140 508 1236 pustulstum
518 1191 529 1229 ‚
540 1164 660 1211 aurum
674 1139 716 1210 ml
729 1139 902 1210 obrussam
917 1167 927 1210 ε
942 1154 980 1210 ut
993 1139 1141 1236 plerique

122 1285 249 1332 omnem
278 1259 487 1331 collationn
510 1258 619 1355 palam
641 1273 849 1344 mensurant,
868 1283 1032 1332 consensu
1050 1261 1141 1356 flagi-

121 1397 239 1471 tantes,
257 1407 309 1452 «a
332 1380 532 1455 delatos-ihm
552 1381 663 1475 potius
686 1379 867 1450 revocanda
892 1381 1142 1476 prmmia,que·

117 1525 245 1596 cunque
260 1502 459 1595 cepissent.»
981 1552 982 1560 κ

159 1623 265 1690 XLV.
283 1623 335 1690 Ex
357 1643 497 1691 annonae
523 1645 656 1715 quoque
681 1622 818 1692 oarimte
836 1619 1007 1717 [lomenti]
1032 1645 1141 1692 acme·

119 1743 164 1810 vit
186 1739 326 1810 invidia.
352 1741 439 1810 Nam
464 1753 499 1809 et
523 1739 608 1810 forte
628 1739 768 1826 accidit,
793 1741 882 1809 utin
899 1739 1031 1834 publiea
1055 1740 1141 1812 fame

118 1858 331 1929 akundrina
355 1859 447 1928 navis
483 1859 696 1928 nunciaretur
723 1857 892 1953 pulverem
928 1857 1142 1930 luctatoribus

118 1977 231 2049 aulicis
258 1975 434 2048 advexisse.
462 1979 576 2067 Quare
603 1977 751 2048 omnium
778 1981 813 2049 in
832 2005 867 2049 se
888 1977 965 2049 odio
986 1980 1141 2064 incitato,

115 2097 194 2169 nihil
211 2095 487 2168 contumeliarum
503 2096 626 2198 deluit,
643 2100 724 2191 quin
739 2099 875 2170 subiret.
889 2102 1014 2170 Statue
1035 2100 1106 2193 ejus
1123 2125 1143 2168 a

114 2217 233 2286 vertice
262 2217 369 2286 cirrus
398 2217 569 2310 appositus
599 2231 648 2285 est
674 2241 751 2288 oum
778 2217 992 2314 inscriptione
1017 2243 1142 2312 greum

113 2338 237 2406 «Nunc
249 2334 383 2404 demum
399 2358 506 2430 agona
522 2358 635 2422 essem
652 2349 686 2404 et
701 2335 886 2406 «Traderet
899 2335 1041 2406 tandem.
1052 2365 1070 2402 s
1086 2335 1142 2406 At-

114 2457 212 2525 terius
244 2453 331 2524 collo
358 2468 391 2523 et
422 2477 578 2548 ascopera
608 2451 773 2550 deligata,
805 2453 968 2549 simulque
998 2455 1141 2524 titulus:

112 2579 206 2670 «Ego
225 2573 309 2669 quid
329 2572 445 2668 potui?
465 2573 523 2644 sed
541 2589 579 2646 tu
594 2568 725 2644 ciricum
744 2575 933 2644 meruisti.»
953 2575 1141 2669 Ascriptum

13 2725 15 2742 ·
112 2710 141 2764 et
152 2693 335 2782 columnis,
349 2695 448 2762 «Jam
460 2691 574 2764 Gallos
590 2685 665 2764 eum
682 2691 848 2763 mutando
864 2692 1055 2760 excitasse.»
1068 2693 1140 2760 Jam

112 2813 264 2884 noctibus
277 2813 389 2907 jurgia
408 2837 485 2881 cum
507 2811 609 2881 serris
630 2809 780 2904 plerique
799 2805 1006 2897 simulantes,
1024 2809 1142 2878 crebro

111 2933 276 3004 umdr'cem
297 2931 493 3026 poscebant.⁸

155 3056 282 3123 XLVI.
300 3051 501 3120 Terrebatur
516 3048 561 3119 ad
576 3049 641 3118 hoc
655 3047 862 3118 evidentibus
878 3049 1043 3143 portentis
1058 3049 1143 3119 som-

112 3176 243 3242 niorum
267 3186 300 3240 et
326 3170 549 3264 auspiciorum
576 3182 609 3236 et
632 3167 799 3253 ominum,
828 3191 932 3260 quum
958 3169 1143 3254 veteribus,

112 3277 179 3360 tuni
196 3291 304 3360 novis.
321 3291 503 3381 Nunquam
521 3301 618 3356 antea
635 3287 800 3356 somniare
819 3283 949 3374 solitus,
965 3289 1073 3356 occisa
1088 3287 1144 3355 dc-

111 3437 201 3481 mum
219 3423 342 3496 matre,
363 3405 447 3476 vidis
463 3430 523 3501 per
541 3405 704 3500 quietem,
721 3429 840 3474 navem
858 3405 921 3475 sibi
939 3409 1066 3500 regenti
1085 3432 1143 3475 ex·

112 3545 236 3600 tortum
254 3523 536 3623 gubernaculum
552 3525 704 3618 trahique
720 3549 755 3594 se
770 3523 813 3594 ab
828 3525 967 3594 Ostama
986 3549 1088 3594 uxore
1108 3527 1142 3594 in

110 3649 290 3718 artissimas
318 3645 468 3716 tenebras
486 3670 495 3713 :
517 3657 550 3713 et
567 3642 668 3713 modo
685 3657 904 3737 penestarum
930 3643 1141 3713 formicarum
1249 3725 1270 3736 „.

110 3765 327 3836 multitudine
353 3756 499 3859 oppleri,
525 3763 624 3831 modo
652 3787 672 3831 a
698 3760 880 3832 simulacris
902 3763 1072 3856 gentium,
1099 3761 1141 3830 ad

109 3886 260 3980 Pompeii
271 3883 439 3952 theatrum
448 3881 688 3968 dedicatarum,
698 3881 878 3966 circumiri,
888 3881 1059 3972 arcerique
1067 3905 1142 3973 pro·

109 4029 243 4100 gressu3
258 4007 498 4089 asturconem,
511 4025 578 4094 quo
591 4001 735 4070 maxime
754 3998 944 4082 letabatur,
961 3999 1141 4094 posteriore

13 4105 14 4118 ἵ
108 4125 261 4217 corporis
278 4136 372 4216 porte
388 4123 422 4190 in
437 4119 539 4190 simiae
554 4121 695 4214 speciem
711 4117 998 4211 transfiguratum,
1016 4144 1053 4189 ac
1071 4134 1142 4190 tan·
