3098 5446
470 541 735 598 VESPASIANUS.
1085 541 1122 609 l9

141 671 241 738 XVII.
267 669 306 734 ln
332 690 432 734 omne
461 666 635 736 hominum
654 691 759 762 genus
783 665 1051 750 liberalissimus,
1070 691 1128 736 ex·

104 787 193 884 plevit
209 811 341 856 censum
361 801 553 855 senatorum
574 813 581 856 :
600 783 791 856 consulares
811 787 927 882 inopes
949 787 1125 882 quingenis

99 910 243 980 sestertiis
259 907 381 977 annuis
393 907 590 976 sustentavit
605 933 613 975 ε
630 906 789 1001 planmas
807 931 870 1002 per
885 920 993 977 totum
1009 909 1125 976 orbem

97 1031 253 1116 civitates,
277 1043 373 1096 terrae
388 1041 481 1097 motu
502 1041 562 1096 aut
577 1026 731 1096 incendio
751 1027 908 1113 alllictas,
924 1029 1071 1097 restituit
1092 1030 1125 1096 in

94 1148 208 1218 melius.
745 1127 749 1136 .

135 1271 257 1338 XVIII.
277 1271 415 1365 Ingenia
440 1284 473 1338 ct
494 1283 582 1339 artes
600 1245 653 1338 vel
674 1271 818 1339 maxime
834 1267 916 1339 fovit
935 1295 943 1338 :
965 1271 1127 1364 primusc

92 1387 164 1458 fisco
182 1386 295 1458 latinis
316 1392 497 1484 graecisque
512 1390 701 1458 rhetoribus
718 1415 829 1460 annua
848 1404 988 1459 centena
1007 1394 1128 1460 consti·

89 1511 168 1577 tuit:
190 1524 384 1604 praestantes
405 1525 540 1605 poetas,
560 1517 624 1580 nec'
642 1525 760 1580 nouat
779 1509 944 1597 artifices,
964 1515 1042 1581 Coa
1058 1515 1126 1582 Ve-

87 1630 188 1718 neris,
202 1631 283 1698 item
298 1629 427 1700 Colossi
442 1630 654 1716 refectorem,
669 1631 790 1726 insigni
808 1632 979 1726 congiario
995 1656 1128 1726 magna-

88 1773 146 1840 que
165 1748 318 1819 mercede
337 1732 477 1819 donavit
493 1776 500 1818 :
519 1751 713 1819 mechanico
729 1774 883 1844 quoque,
904 1749 1047 1844 grandes
1067 1777 1125 1820 co-

84 1867 207 1939 lumnas
246 1872 366 1966 exigna
400 1871 551 1964 impensa
580 1871 823 1964 perducturum
854 1871 888 1939 in
921 1871 1126 1966 Capitolium

82 1987 267 2081 pollicenti,
287 1992 460 2084 praemium
476 2016 539 2084 pro
553 2005 742 2060 commento
760 2016 827 2060 non
845 1990 1012 2060 mediocre
1029 1992 1129 2061 obtu-

82 2107 131 2196 lit;
149 2135 291 2206 operam
310 2112 452 2198 remisit,
469 2110 640 2204 praefatum
660 2111 842 2196 «Sineret,
863 2135 897 2180 sc
917 2110 1125 2205 plebeculam

80 2255 258 2320 pascere.»

123 2355 219 2420 XIX.
240 2351 367 2434 Ludis,
382 2377 443 2448 per
458 2378 542 2446 quos
559 2378 657 2422 scena
675 2351 882 2423 Marcelliani
902 2354 1022 2422 theatri
1037 2356 1129 2422 resti·

78 2485 146 2540 tuta
161 2471 401 2560 dedicabatur,
417 2488 530 2542 vetera
544 2498 680 2567 quoque
696 2488 887 2543 acroamata
902 2489 1126 2542 revocaverat.

76 2591 269 2686 Apollinari
293 2593 442 2688 tragoedo
463 2565 726 2688 qnadringenta,
751 2596 887 2686 Terpno
910 2593 1128 2686 Diodoroque

76 2712 276 2782 citharoedis
287 2713 434 2801 ducena,
450 2712 621 2784 nonnullis
632 2726 789 2800 centena,
801 2713 923 2806 quibus
934 2714 1127 2801 minimum,

72 2829 296 2930 quadragena
315 2835 464 2902 sestertia
484 2858 584 2929 super
599 2831 759 2928 plurimas
777 2857 917 2901 coronas
935 2857 1054 2902 aureas
1070 2831 1127 2901 de-

69 2951 126 3022 dit.
149 2955 221 3024 Sed
241 2969 280 3023 ct
293 2954 533 3023 convivabatur
551 2953 702 3040 assidue,
722 2977 761 3022 ac
774 2954 893 3047 saepius
914 2968 1005 3022 recta
1023 2967 1056 3020 et
1072 2953 1129 3023 da·

69 3073 170 3166 psile,
184 3090 225 3144 ut
243 3072 452 3144 macellarios
467 3073 520 3167 adj
526 3088 651 3143 uvaret.
669 3073 779 3142 Dabat
791 3075 877 3142 sicut
893 3071 1127 3143 Saturnalibus

67 3199 144 3266 viris
172 3196 416 3292 apophoreta,
440 3198 484 3265 ita
505 3222 564 3290 per
589 3194 747 3265 kalendas
765 3196 898 3264 martias
919 3195 1051 3266 leminis
1069 3221 1077 3265 :
1098 3213 1131 3265 et

67 3330 180 3388 tamen
202 3345 251 3388 ne
274 3297 470 3412 sicquidem
486 3319 634 3412 pristinae
648 3317 842 3412 cupiditatis
857 3317 994 3387 infamia
1011 3320 1128 3388 caruit.

64 3439 300 3510 Alexandrini
335 3438 562 3534 Cybiosacten
581 3463 657 3507 eum
676 3462 796 3506 vocare
814 3455 1130 3534 perseveraverunt,

62 3563 283 3656 cognomine
298 3559 399 3628 unius
417 3584 436 3629 e
450 3559 585 3654 regibus
598 3559 666 3627 suis
686 3559 952 3652 turpissimarum
969 3559 1131 3629 sordium.

63 3680 176 3750 Sedet
190 3682 232 3750 in
247 3679 369 3748 funere
382 3683 409 3748 F
410 3705 492 3748 avor
508 3679 724 3748 archimimus
736 3703 913 3772 personam
921 3679 992 3772 ejus
1005 3679 1131 3767 ferens,

63 3803 309 3894 imitansque,
329 3814 367 3868 ut
386 3814 436 3886 est
454 3824 540 3886 mos,
554 3798 689 3867 factaac
707 3797 797 3867 diota
816 3800 904 3887 vivi,
921 3800 1132 3893 interrogatis

60 3919 177 4014 palam
201 3919 512 4016 procuratoribus,
531 3919 672 4012 «quanti
691 3918 792 3987 funus
812 3933 845 3986 et
861 3942 983 4012 pompa
1002 3935 1133 3988 consta·

60 4043 131 4110 ret?
142 4073 162 4106 ι)
180 4058 226 4111 ut
238 4039 368 4129 audiit,
382 4070 398 4103 α
408 4039 560 4110 sestertio
570 4040 725 4125 centiceps
735 4038 932 4108 exclamavit
944 4065 951 4107 :
964 4042 1129 4110 «Centum

60 4165 123 4232 sihi
143 4143 325 4233 sestertia
342 4161 478 4247 darent,
495 4186 533 4230 ac
546 4185 580 4230 se
596 4159 646 4230 vel
665 4163 697 4228 in
712 4161 857 4228 Tiberim
870 4160 1079 4253 projicerent.
1097 4195 1112 4228 n

218 4309 264 4353 ιι.
963 4287 985 4368 4
