3114 5446
427 519 482 596 198
831 517 862 572 C.
883 515 1060 574 suammt

426 643 588 712 machinis
610 640 778 710 labefactis
801 641 938 736 opifices
964 641 1168 736 diffisgerint.
1195 645 1439 738 Supervenitqne
1540 611 1541 662 l

425 763 516 832 illico
529 761 664 856 quidam
676 761 808 832 Cassius
821 785 955 854 quoqne
970 762 1118 850 nomine,
1130 762 1259 856 jussum
1277 786 1311 832 ae
1326 764 1440 832 somnio

426 882 617 968 affirmans,
645 879 816 949 immolare
839 893 973 949 taurum
999 881 1085 948 lovi.
1109 880 1311 975 Capitolium
1332 886 1440 976 Capua

426 1001 535 1070 idibus
558 1001 685 1070 martiis
711 997 753 1068 de
778 998 861 1069 eoelo
885 1013 1010 1068 tactum
1035 1013 1085 1068 est
1109 1023 1117 1068 ε
1141 1000 1220 1070 item
1242 1004 1352 1080 Roma
1372 999 1442 1070 cella

425 1119 568 1192 Palatini
599 1119 760 1190 atriensis.
790 1119 862 1188 Nec
894 1118 1095 1206 defuerunt,
1123 1119 1180 1212 qui
1211 1119 1441 1212 conjectarent,

425 1239 532 1310 altero
546 1253 680 1310 ostento
694 1237 879 1334 periculum
894 1261 914 1308 a
931 1237 1122 1308 custodibus
1136 1237 1272 1308 domino
1288 1237 1443 1333 portendi;

427 1358 553 1446 altero,
571 1357 695 1429 caedem
714 1381 830 1427 rursus
847 1357 1026 1451 insignem,
1045 1355 1151 1450 qualis
1167 1357 1282 1428 mdem
1301 1359 1352 1450 die
1369 1358 1443 1426 sacta

426 1477 596 1573 quondam
619 1477 743 1546 fuisset.
767 1474 964 1547 consulenti
984 1499 1117 1570 quoque
1141 1476 1183 1546 de
1205 1477 1355 1572 genitura
1376 1501 1444 1561 sna,

429 1596 521 1667 Sulla
549 1596 826 1683 mathematicus,
855 1625 872 1660 s
895 1595 1112 1664 certissimam
1139 1619 1252 1666 necem
1278 1597 1445 1690 appropin-

426 1741 549 1811 quare,
574 1745 593 1782 a
618 1695 807 1784 nllirmavit.
837 1717 1043 1784 Monuerunt
1073 1727 1107 1782 et
1135 1729 1238 1784 sortes
1257 1715 1446 1798 An'tiatinae,

428 1849 497 1904 «ut
515 1859 533 1903 a
554 1835 670 1905 Cassio
688 1846 828 1904 caveret.
845 1863 863 1900 a
884 1834 960 1921 Qua
977 1855 1074 1902 cansa
1094 1831 1149 1901 ille
1166 1834 1318 1902 Cassium
1336 1834 1449 1928 longi-

429 1979 528 2042 num,
544 1955 629 2024 Asiae
639 1968 715 2022 tum
733 1951 983 2047 proconsulem,
1000 1949 1218 2022 occidendum
1233 1951 1449 2047 delegaverat,

430 2074 618 2158 immemor,
643 2073 813 2142 Chaeream
831 2073 983 2142 Cassium
1008 2071 1183 2140 nominari.
1205 2069 1336 2159 Pridie,
1360 2094 1449 2163 quam

430 2193 573 2285 periret,
595 2192 792 2278 somniavit,
816 2191 993 2260 consistere
1012 2213 1048 2260 se
1072 2191 1106 2258 in
1129 2187 1212 2259 coalo
1227 2189 1324 2283 juxta
1342 2187 1451 2258 solium

429 2311 542 2394 lovis,
568 2307 816 2404 impulsumque
834 2311 876 2378 ab
897 2335 937 2378 eo
956 2309 1062 2379 dextri
1082 2308 1174 2404 pedis
1200 2307 1341 2404 pollice,
1365 2321 1396 2376 et
1420 2309 1450 2374 in

430 2444 535 2499 terras
544 2431 796 2523 praecipitatum.
807 2427 1041 2523 Prodigiorum
1051 2426 1124 2497 loco
1134 2427 1247 2496 habita
1257 2443 1337 2497 sunt
1346 2427 1453 2508 etiam,

429 2571 503 2639 quae
523 2546 608 2616 forte
630 2545 688 2614 illo
712 2548 784 2640 ipso
805 2547 859 2616 die
882 2545 981 2640 paulo
1001 2549 1094 2641 prius
1115 2545 1314 2616 acciderant.
1333 2542 1455 2616 Sacrifi-

428 2689 506 2735 cans
525 2689 693 2760 respersus
711 2679 760 2734 est
780 2667 1021 2759 phoenicopteri
1043 2667 1211 2761 sanguine.
1233 2669 1277 2736 Et
1296 2663 1455 2762 pantomi-

428 2809 503 2854 mus
523 2787 673 2853 Mnester
690 2783 883 2878 tragoediam
899 2781 1049 2870 saltavit,
1068 2790 1168 2878 quam
1182 2783 1262 2853 olim
1280 2779 1457 2877 Neoptole-

429 2929 502 2972 mus
519 2903 686 2997 tragoedus
706 2901 813 2988 ludis,
832 2903 953 2996 quibus
973 2927 1031 2972 rer
1048 2903 1269 2986 Macedonum
1289 2901 1457 2996 Philippus

428 3025 556 3092 occisus
572 3037 639 3110 eat,
657 3036 778 3116 egerat.
796 3025 839 3090 Et
856 3045 959 3115 quum
977 3024 1011 3090 in
1030 3021 1193 3092 Laureolo
1210 3024 1329 3106 mimo,
1346 3023 1381 3092 in
1398 3044 1460 3112 quo

430 3154 522 3210 acmr
541 3142 727 3233 proripiens
745 3163 780 3208 se
802 3142 899 3209 ruina
918 3143 1112 3238 sanguinem
1136 3144 1261 3228 vomit,
1284 3131 1399 3237 plures
1416 3162 1461 3207 se·

431 3258 617 3329 cundarum
635 3260 784 3328 certatim
806 3261 1069 3355 experimentum
1088 3263 1168 3332 artis
1191 3261 1331 3348 darent,
1349 3283 1462 3329 cruore

430 3403 530 3448 scena
550 3379 742 3448 abundavit.
761 3381 947 3450 Parabatur
967 3396 999 3450 et
1018 3382 1052 3450 in
1070 3396 1199 3454 noctem
1219 3380 1463 3476 spectaculum,

430 3523 498 3593 quo
524 3514 719 3594 argumenta
747 3499 930 3570 inferorum
956 3526 1016 3595 per
1043 3503 1215 3597 AEgyptios
1237 3516 1271 3571 et
1295 3500 1467 3594 AEthiopas

429 3617 681 3713 explicarentur.

477 3741 600 3808 LVIII.
615 3741 714 3808 Nono
727 3738 882 3810 kalendas
895 3741 1092 3828 februarias,
1104 3741 1187 3810 hora
1201 3743 1296 3835 quasi
1310 3741 1469 3837 septima,

430 3873 624 3946 cunctatus,
646 3883 689 3928 an
712 3860 754 3928 nd
777 3860 952 3954 prandium
975 3875 1143 3955 surgeret,
1167 3877 1339 3930 marcente
1361 3860 1469 3930 adhuc

433 3979 602 4048 stomacho
617 3979 763 4073 pridiani
778 3981 844 4048 cibi
859 4005 978 4068 onere,
998 3979 1372 4052 tandemsuadentibus
1389 3979 1471 4049 ami·

432 4096 478 4164 cla
496 4121 642 4190 egressus
663 4113 720 4166 est.
742 4101 855 4186 Qtrum
876 4102 909 4167 in
936 4115 1070 4194 crypta,
1093 4127 1150 4194 per
1171 4125 1270 4194 quam
1289 4117 1472 4172 transeun-
