3138 5438
412 528 426 586 t
814 519 843 572 C.
867 516 1041 572 SUETONII

412 661 562 740 neptem3
585 669 660 712 cum
684 667 747 734 qua
770 641 887 708 deinde
906 639 1084 707 divortium
1106 639 1201 726 fecit,
1223 640 1433 714 adulteratam

413 767 563 860 opinatus
583 789 603 832 a
620 767 657 832 P.
679 761 818 843 Clodio;
840 783 937 852 quem
961 761 1046 827 inter
1070 757 1217 852 publicas
1238 764 1434 832 caerimonias

318 905 322 914 '
412 898 599 978 penetrasse
625 881 667 950 ad
693 905 764 948 eam
792 877 943 946 muliebri
971 892 1058 945 veste
1083 893 1149 945 tam
1173 895 1325 948 constans
1353 883 1433 950 fama

412 1019 501 1088 erat,
526 1017 563 1070 ut
586 1014 715 1070 senatus
739 999 953 1090 questionem
980 997 1020 1066 de
1044 995 1178 1091 pollutis
1204 1001 1303 1068 sacris
1327 1001 1434 1070 decre-

360 1144 365 1151 ·
411 1123 503 1190 verit
741 1197 743 1202 ,

458 1243 531 1310 VII.
560 1239 725 1328 Quaestori
746 1235 882 1304 ulterior
899 1237 1056 1328 Hispania
1074 1236 1208 1303 obvenit
1228 1261 1236 1302 ε
1253 1238 1310 1304 ubi
1335 1263 1433 1328 quum

412 1358 568 1427 mandatu
585 1357 751 1450 praetoris,
767 1356 842 1447 jure
865 1352 1007 1422 dicundo
1028 1369 1208 1421 conventus
1232 1356 1433 1443 circumiret,

410 1478 585 1571 Gadesque
601 1477 753 1560 venisset,
767 1473 992 1541 animadversa
1008 1473 1097 1565 apud
1111 1470 1261 1541 Herculis
1279 1473 1433 1567 templum

410 1597 525 1691 Magni
541 1593 719 1664 Alexandri
738 1592 894 1685 imagine,
915 1593 1075 1684 ingemuit
1094 1617 1102 1658 ε
1123 1606 1155 1658 et
1173 1592 1265 1686 quasi
1283 1607 1434 1684 pertaesus

412 1717 576 1812 ignaviam
594 1739 702 1798 suam,
719 1712 808 1804 quod
826 1709 907 1778 nihil
924 1711 1003 1778 dum
1019 1735 1085 1778 ase
1101 1711 1313 1780 memorabile
1329 1727 1434 1780 actum

411 1848 495 1902 esset
525 1835 559 1900 in
588 1846 701 1926 aetate,
729 1853 794 1922 qua
820 1831 889 1922 jam
920 1826 1104 1898 Alexander
1132 1831 1244 1897 orbem
1276 1831 1450 1898 terrarum

411 1953 609 2046 subegisset,
627 1950 816 2016 missionem
837 1949 996 2016 continuo
1014 1947 1222 2041 efflagitavit,
1243 1949 1284 2017 ad
1304 1965 1436 2042 captan-

360 2063 364 2072 ’
412 2073 470 2140 das
489 2095 587 2164 quam
606 2070 751 2162 primum
772 2067 933 2158 majorum
955 2091 1063 2135 rerum
1086 2069 1270 2139 occasiones
1292 2070 1325 2136 in
1347 2070 1435 2137 urbe.

412 2193 522 2260 Etiam
534 2187 708 2257 conlirsum
722 2211 796 2254 eum
811 2187 940 2254 somnio
952 2189 1107 2280 proximae
1121 2190 1226 2254 noctis
1242 2167 1336 2282 (nam
1351 2190 1439 2256 visus

414 2325 484 2379 erat
508 2331 568 2402 per
588 2308 732 2400 quietem
753 2307 850 2373 matri
873 2319 1025 2398 stuprum
1048 2305 1218 2399 intulisse)
1241 2309 1441 2400 conjectores

412 2429 454 2497 ad
471 2425 703 2520 amplissimam
722 2447 813 2518 spem
830 2425 1066 2509 incitaverunt,
1083 2425 1256 2494 arbitrium
1270 2427 1358 2494 orbis
1375 2441 1443 2494 ter·

412 2569 524 2616 rarum
547 2544 700 2638 portendi
726 2547 1006 2635 interpretantes:
1027 2541 1163 2636 qrmado
1189 2559 1313 2628 mater,
1340 2568 1441 2638 quam

411 2663 588 2756 subjectam
603 2663 668 2732 sthi
679 2661 832 2746 videsset,
848 2685 914 2728 non
929 2659 999 2728 alia
1012 2675 1111 2744 esset,
1130 2685 1229 2755 quom
1246 2675 1350 2746 terra,
1364 2687 1445 2758 qua·

357 2829 360 2834 -
412 2785 558 2853 omnium
567 2807 696 2878 parens
710 2780 893 2850 baberetur.

459 2905 552 2974 VIII.
578 2900 749 2970 Decedens
768 2924 847 2994 ergo
871 2914 947 2968 ante
971 2915 1121 2992 tempus,
1139 2900 1282 2968 colonias
1305 2899 1445 2988 latinas,

413 3020 454 3089 de
475 3018 616 3113 petenda
637 3020 769 3086 civitate
794 3021 974 3114 agitantes,
995 3019 1075 3087 adiit
1099 3045 1107 3087 ε
1129 3035 1163 3087 et
1187 3020 1229 3087 ad
1254 3021 1447 3089 audendum

413 3137 539 3231 aliquid
555 3138 761 3225 concitasset,
778 3139 841 3206 nisi
857 3137 1005 3206 consules
1022 3140 1226 3232 conscriptas
1243 3140 1277 3206 in
1293 3137 1451 3210 Ciliciam

415 3256 559 3352 legiones
587 3255 753 3349 paulisper
777 3257 820 3324 ob
848 3255 882 3323 id
910 3257 1018 3351 ipsum
1044 3259 1253 3326 retinuissent
1280 3285 1288 3325 :
1315 3282 1376 3326 nec
1404 3284 1451 3326 eo

414 3377 518 3445 secius
535 3376 659 3468 majora
678 3369 754 3444 mox
772 3377 806 3445 in
824 3377 905 3444 urbe
920 3375 1054 3445 molitus
1071 3391 1129 3445 est.
1219 3405 1222 3410 ¹

460 3499 518 3565 lx.
547 3494 715 3587 Siquidem
744 3507 819 3563 ante
849 3519 972 3590 paucos
1004 3496 1093 3584 dies,
1123 3521 1221 3589 quam
1256 3496 1449 3564 aedilitatem

416 3618 529 3703 iniret,
545 3615 636 3684 venit
653 3615 687 3682 in
704 3617 924 3710 suspicionem
943 3617 1146 3708 conspirasse
1166 3641 1240 3684 cum
1260 3620 1307 3685 Μ.
1325 3619 1453 3685 Crasso
1550 3691 1551 3696 γ

414 3735 598 3822 consulari,
624 3738 705 3804 item
728 3739 763 3803 P.
785 3735 876 3808 Sulla
896 3749 929 3804 et
946 3738 1128 3822 Autronio,
1153 3749 1224 3829 post
1248 3736 1454 3830 designatio-

415 3879 492 3924 nem
504 3852 710 3939 consulatus,
722 3855 863 3932 ambitus
878 3854 1119 3942 condemnatis,
1137 3872 1173 3924 ut
1186 3859 1352 3951 principio
1367 3862 1455 3926 anni

415 3989 563 4044 senatum
582 3974 805 4059 adorirentur,
821 3989 853 4042 et
871 3975 1057 4062 trucidatis,
1073 4001 1155 4068 quos
1172 3976 1328 4069 placitum
1346 3993 1458 4052 essct.

416 4093 613 4162 dictaturam
631 4096 770 4161 Crassus
787 4093 968 4182 invaderet,
986 4095 1055 4187 ipse
1071 4097 1112 4162 ab
1131 4121 1170 4165 eo
1187 4099 1341 4192 magister
1356 4102 1461 4191 eqni-
