3114 5446
506 525 705 582 thUttttts.
1064 529 1119 584 aab

101 647 280 716 conditione
296 650 476 742 cujusque:
496 650 574 737 civi,
590 653 794 724 vacationem
812 648 893 744 legis
906 652 1013 744 Papiae
1033 655 1120 744 Pop·

102 791 180 860 paae3
197 769 336 854 Latino,
356 769 411 861 jus
427 770 628 857 Quiritium3
643 769 789 858 seminis,
804 771 859 863 jus
878 784 1022 864 quatuor
1037 770 1119 840 libe-

101 911 199 954 rorum
212 913 221 954 :
240 911 315 980 quae
328 890 508 958 constituta
521 887 683 984 hodieque
697 905 880 960 servamur.

139 1008 208 1074 XX.
228 1008 341 1101 Opera
355 1031 491 1102 magna,
508 1010 684 1103 potiusque
697 1010 889 1097 accensens,
902 1033 1003 1102 quam
1016 1009 1119 1083 multa

102 1125 245 1216 perfecit3
271 1126 328 1194 sed
352 1125 401 1196 sel
420 1129 600 1221 praecipua,
625 1153 787 1227 aquarum
813 1128 970 1216 ductum,
995 1153 1014 1198 a
1040 1131 1121 1200 Caio

100 1245 279 1316 inchoatum
295 1271 303 1313 ε
322 1247 418 1334 item,
435 1247 641 1321 emissarium
655 1249 769 1318 Fucini
789 1246 898 1334 lacus,
920 1264 1122 1344 portumque

101 1366 282 1435 ostiensem:
300 1391 501 1460 quamquam
516 1369 625 1455 sciret,
637 1392 677 1438 ex
688 1368 740 1436 his
756 1367 897 1438 alterum
915 1368 958 1438 ab
970 1371 1121 1464 Augusto

99 1486 299 1576 precantibus
327 1485 456 1556 assidue
485 1487 606 1556 Marsis
627 1501 800 1582 negatum,
827 1487 966 1558 alterum
995 1511 1015 1556 a
1042 1487 1120 1557 divo

97 1602 173 1672 lulio
190 1607 313 1698 saepius
324 1604 539 1692 destinatum,
556 1631 594 1676 ac
612 1621 750 1701 propter
771 1606 999 1676 difficultatem
1020 1609 1121 1676 omis-

99 1749 167 1792 sum
194 1723 345 1794 Claudia
367 1750 461 1820 aque
482 1725 608 1820 gelidos
629 1741 663 1796 et
687 1727 809 1796 uberes
824 1726 953 1812 sontes,
978 1749 1119 1819 qnorum

98 1840 180 1911 alteri
199 1823 375 1932 Caeruleo,
403 1844 498 1914 alteri
526 1846 644 1916 Curtio
668 1860 702 1918 ct
726 1843 894 1916 Albudino
909 1867 1030 1914 nomen
1048 1859 1121 1932 est,

98 1961 252 2058 simulque
273 1965 382 2034 rivum
409 1967 542 2036 Anienis
566 1965 644 2036 novi
671 1964 800 2058 lapideo
820 1989 919 2058 opere
941 1967 975 2032 in
995 1964 1119 2034 Urbem

97 2082 257 2173 perduxit,
273 2083 451 2177 divisitque
467 2086 501 2152 in
525 2083 684 2177 plurimos
710 2098 743 2154 et
763 2085 992 2164 ornatissimos
1014 2083 1115 2154 lacus.

95 2202 250 2272 Fucinum
282 2227 455 2300 aggressus
483 2219 550 2291 est,
586 2229 652 2274 non
689 2205 798 2272 minus
828 2202 1017 2296 compendii
1042 2227 1122 2296 spe,

96 2345 182 2412 quam
199 2321 339 2416 gloriae,
358 2347 460 2416 quum
477 2323 629 2416 quidam,
656 2324 784 2416 privato
808 2337 920 2392 sumtu
943 2323 1120 2392 emissuros

94 2465 135 2525 se,
160 2443 452 2536 repromitterent,
477 2443 503 2510 si
532 2443 593 2511 sibi
618 2444 729 2514 siccati
753 2444 825 2535 agri
850 2440 1120 2513 concederentur.

94 2561 147 2628 Per
171 2565 236 2634 tria
264 2575 373 2632 autem
393 2587 547 2654 passumn
572 2560 693 2649 millia,
718 2562 837 2654 partim
854 2559 973 2630 effosso
994 2576 1121 2648 monte,

95 2683 206 2771 partim
224 2682 357 2767 exciso,
375 2680 520 2750 canalem
538 2679 679 2752 absolvit
693 2703 796 2772 aegre,
820 2695 854 2746 et
877 2693 951 2772 post
970 2679 1121 2746 undecim

91 2824 202 2886 uanos,
234 2802 389 2893 quamvis
415 2802 581 2870 continuis
610 2801 748 2892 triginta
781 2799 952 2866 hominum
979 2796 1122 2866 millibus

91 2922 151 2988 sine
165 2921 415 2990 intermissione
431 2919 656 3014 operantibus.
675 2922 811 2988 Portum
827 2918 929 2986 Ostiae
946 2913 1123 3002 exstruxit,

90 3041 317 3110 circumducto
335 3038 451 3108 desua
470 3039 667 3132 sinistraque
684 3037 837 3124 brachio,
851 3035 938 3106 etad
949 3037 1122 3106 introitum

89 3160 255 3250 profundo
280 3161 349 3252 jam
374 3157 445 3228 solo
470 3157 557 3228 mole
588 3158 733 3250 objecta:
753 3179 852 3250 quarn
874 3181 948 3248 quo
975 3155 1123 3226 stabilius

90 3279 257 3366 fundaret,
278 3303 394 3347 navem
417 3293 493 3348 ante
511 3277 685 3364 demersit,
712 3301 776 3369 qua
799 3299 939 3370 magnus
959 3273 1123 3346 obeliscus

87 3424 119 3466 ex
136 3403 287 3496 AEgypto
304 3399 412 3468 suerat
430 3398 601 3482 advectus,
622 3399 848 3492 congestisque
869 3395 943 3489 pilis
964 3420 1123 3490 superpo·

86 3521 145 3588 suit
158 3519 360 3588 altissimam
384 3520 502 3588 turrim
522 3517 759 3612 inexemplum
784 3514 987 3585 alexandrini
1007 3515 1122 3602 Phari,

86 3653 116 3705 ut
129 3641 170 3708 ad
186 3655 377 3709 nocturnos
394 3641 485 3732 ignes
505 3661 639 3708 cursum
657 3637 788 3734 navigia
803 3635 995 3729 dirigerent.

126 3763 221 3830 XXI.
252 3759 435 3852 Congiaria
454 3757 578 3852 populo
593 3759 710 3851 saepius
727 3755 907 3826 distribuit.
929 3753 1123 3847 Spectacula

84 3903 215 3974 quoque
226 3877 403 3972 complura
416 3893 449 3948 et
465 3878 637 3973 magnifica
652 3876 774 3966 edidit,
795 3901 860 3946 uon
873 3877 992 3944 usitata
1005 3873 1120 3958 modo,

83 4025 117 4066 ac
141 4000 254 4068 solitis
278 3998 378 4086 locis,
403 3999 516 4068 sedet
541 3999 781 4082 commentitia,
810 4010 841 4064 et
865 4020 904 4062 ex
926 3994 1123 4086 antiquitate

83 4121 244 4212 repetita,
271 4133 303 4187 et
325 4119 379 4188 ubi
401 4133 555 4211 praeterea
579 4143 675 4194 nemo
697 4132 774 4186 ante
797 4141 882 4184 cunr.
904 4113 1015 4182 Ludos
1032 4113 1121 4182 dedi·
