3138 5438
451 502 481 556 C.
502 502 633 560 IULIUS
653 503 788 559 CAESAR.
1101 501 1137 568 45

108 649 187 715 quos
202 627 337 694 sinistra
353 651 455 695 manu
469 627 617 711 tenebat,
630 629 724 719 quasi
735 651 812 697 mox
820 625 980 712 lecturus,
992 626 1141 692 commis·

108 745 183 811 cuit.-
194 745 283 812 Dein
293 741 448 838 pluribus
463 746 576 814 hostiis
593 747 699 832 caesis,
710 770 813 838 quum
825 743 918 813 litare
931 770 999 812 non
1017 759 1139 838 posset,

109 865 232 932 introiit
251 866 379 932 curiam
397 880 506 958 spreta
524 865 695 960 religione,
712 867 978 959 Spurinnamque
990 865 1140 950 irridens,

109 999 139 1050 et
154 999 190 1052 ut
208 983 331 1053 salsum
351 1010 513 1080 arguens,
537 985 627 1079 quod
646 989 716 1055 sine
733 985 801 1054 ulla
819 1011 904 1054 noxa
924 984 998 1054 idus
1015 987 1140 1054 martiae

109 1103 254 1172 adessent
273 1131 281 1172 :
301 1130 491 1199 quanquam
509 1107 536 1174 is
554 1107 678 1174 venisse
699 1105 832 1198 quidem
850 1130 903 1174 eas
922 1104 1062 1192 diceret,
1082 1103 1140 1173 sed

110 1247 169 1289 non
189 1226 385 1316 praeterisse.

152 1345 328 1411 LXXXII.
346 1342 552 1412 Assidentem
580 1345 776 1438 conspirati,
801 1345 907 1438 specie
934 1344 1050 1429 officii,
1077 1346 1141 1412 cir·

110 1476 350 1530 rumsteterunt
370 1489 378 1530 ε
396 1461 550 1556 illicoque
561 1465 696 1532 Cimber
707 1462 841 1552 Tillius,
856 1465 914 1556 qui
930 1465 1052 1557 primas
1064 1489 1142 1557 par-

111 1596 153 1648 tes
183 1597 390 1676 susceperat,
414 1585 507 1674 quasi
534 1583 660 1676 aliquid
683 1597 858 1678 rogaturus
879 1585 1015 1677 propius
1036 1607 1142 1652 acces·

112 1701 162 1785 sit;
182 1702 405 1794 renuentique
425 1716 458 1770 et
479 1717 573 1804 gestu
592 1703 627 1770 in
649 1700 740 1770 aliud
762 1717 892 1796 tempus
917 1702 1082 1770 differenti
1100 1704 1142 1770 ab

114 1833 251 1913 utruque
271 1821 410 1889 humero
422 1836 533 1916 togam
544 1822 762 1916 apprehendit
781 1821 919 1890 :deinde
934 1821 1143 1908 clamantem,

112 1943 201 2008 alsia
221 1938 360 2032 quidem
378 1942 428 2008 vis
455 1955 545 2028 cst,u
567 1940 688 2010 altere
710 1943 829 2011 Cassiis
852 1965 1003 2009 aversum
1028 1939 1143 2009 vulne-

112 2073 174 2144 rat,
191 2056 334 2151 paulum
352 2057 439 2128 infra
453 2058 619 2153 jugulum.
640 2061 750 2128 Caesar
771 2061 876 2128 Cassii
899 2059 1072 2128 brachium
1090 2085 1144 2128 ar·

114 2191 240 2271 reptum
255 2178 397 2272 graphio
415 2181 562 2272 traJecit3
578 2193 782 2273 conatusque
798 2179 969 2273 prosilire,
984 2179 1049 2248 alio
1066 2179 1141 2248 vul·

113 2321 186 2365 nere
202 2297 356 2366 tardatus
367 2313 426 2367 est.
438 2303 549 2392 thue
562 2299 813 2385 animadvertit,
831 2299 982 2393 undique
995 2326 1029 2368 se
1048 2302 1143 2370 stric-

115 2416 149 2483 tis
165 2417 373 2510 pugionibus
390 2419 474 2511 peti,
490 2433 567 2511 toga
584 2433 684 2512 caput
700 2417 848 2487 obvolvit
867 2445 875 2487 :
893 2419 992 2488 simul
1012 2421 1144 2487 sinistra

113 2560 208 2604 manu
227 2537 342 2604 sinum
360 2536 403 2604 ad
419 2537 485 2605 ima
501 2562 600 2606 crura
613 2536 847 2631 deduxit,quo
859 2538 1031 2607 honestius
1048 2538 1142 2606 cade·

113 2670 175 2742 ret,
190 2658 296 2723 etiam
310 2655 466 2724 inferiore
483 2657 630 2750 corporis
648 2672 742 2750 parte
759 2657 875 2725 velata.
894 2662 1002 2750 Atque
1023 2659 1069 2726 itu
1089 2659 1147 2726 tri-

113 2774 170 2842 bus
189 2789 224 2842 et
253 2775 375 2867 viginti
400 2773 504 2868 plagis
531 2775 700 2844 confossus
719 2790 788 2863 est,
808 2801 877 2844 uno
893 2776 993 2845 modo
1017 2776 1059 2844 ad
1079 2777 1147 2869 pri·

113 2918 201 2961 mum
230 2894 337 2961 ictum
362 2895 488 2987 gemitu
521 2894 591 2962 sine
603 2919 697 2994 ⁴voce
718 2895 828 2980 edit03
854 2897 915 2963 etsi
937 2893 1146 2964 tradiderunt

111 3011 261 3104 quidam,
280 3015 330 3080 M.
347 3015 452 3081 Bruto
470 3015 608 3082 irruenti
628 3013 762 3102 dixisse,
779 3017 846 3084 Kal
867 3019 906 3084 σὺ
928 3014 1038 3084 τέκνον.
1064 3018 1148 3083 Exa-
1213 3109 1217 3114 Δ

111 3133 228 3218 nimis,
254 3131 505 3226 diffugientibus
528 3135 671 3220 cunctis,
693 3133 883 3228 aliquandiu
901 3137 1022 3228 jacuit,
1041 3133 1146 3202 donec

110 3251 233 3321 lecticae
264 3238 475 3346 impositum,
502 3253 708 3348 dependente
735 3255 891 3340 brachio,
928 3270 993 3322 tres
1024 3253 1146 3322 servuli

111 3371 250 3440 domurn
272 3370 468 3440 retulerunt.
487 3376 559 3444 Nec
581 3375 616 3441 in
635 3388 684 3442 tot
707 3373 913 3462 vulneribus,
932 3389 970 3443 ut
987 3374 1148 3443 Antistius

111 3491 260 3560 medicus
270 3491 491 3581 existimabat,
501 3490 599 3562 letale
610 3491 715 3561 ullum
728 3508 970 3587 repertumst,
984 3495 1046 3561 nisi
1058 3489 1149 3584 quod

109 3609 260 3678 secundo
280 3609 353 3679 lo'co
378 3611 413 3678 in
431 3625 564 3706 pectore
580 3627 759 3704 acceperat.
781 3616 900 3681 Fuerat
920 3612 1050 3679 animus
1069 3635 1149 3678 con-

105 3729 243 3821 juratis,
255 3755 377 3824 corpus
390 3731 487 3800 occisi
500 3733 534 3798 in
546 3729 692 3800 Tiberim
702 3732 848 3819 trahere,
864 3731 951 3799 bona
966 3729 1148 3824 publicare,

109 3863 186 3917 acta
206 3848 422 3918 rescindere:
442 3848 497 3917 sed
519 3864 610 3918 metu
629 3851 675 3918 M.
701 3851 839 3920 Antonii
858 3848 1001 3919 consulis
1021 3865 1055 3918 et
1080 3873 1149 3916 ma-

107 3970 210 4062 gistri
228 3971 375 4062 equitum
395 3970 527 4063 Lepidi,
546 3968 749 4038 destiterunt.

158 4090 355 4158 LXXXIII.
373 4086 567 4158 Postulante
585 4114 664 4182 ergo
682 4093 720 4158 L.
749 4091 867 4158 Pisone
894 4113 1023 4176 socero,
1049 4102 1145 4157 testa·
