3108 5434
516 495 700 552 TIBERIUS.
1074 499 1128 570 145

101 619 138 689 lia
151 618 364 690 denariorum
382 621 607 714 praetorianis,
622 622 713 716 quod
726 621 845 717 Sejano
862 645 980 694 senon
995 648 1127 696 necom-

98 740 295 826 modassent3
306 755 342 809 et
352 741 505 835 quaedam
516 767 656 812 munera
671 743 813 838 Syriacis
829 741 1027 840 legionibus,
1037 745 1128 840 quod

97 857 165 929 solae
181 859 309 930 nullam
325 862 436 956 Sejani
454 863 630 957 imaginem
645 863 732 933 inter
749 865 842 959 signa
859 864 1060 936 coluissent:
1079 879 1128 936 at·

97 1007 153 1075 que
171 983 272 1052 etiam
297 983 470 1050 missiones
493 995 727 1053 veteranorum
753 985 936 1054 rarissimas
963 983 1060 1074 fecit,
1086 1010 1127 1056 ex

96 1103 178 1171 senio
197 1117 361 1190 mortem,
378 1127 418 1171 ex
435 1115 543 1172 morte
562 1102 794 1198 compendium
814 1118 962 1199 captans.
979 1107 1032 1176 Ne
1048 1130 1126 1200 pro·

95 1221 211 1290 vincias
224 1219 363 1316 quidem
376 1218 443 1292 nlla
456 1219 652 1292 liberalitate
665 1221 869 1311 sublevavit;
887 1237 1024 1320 excepta
1036 1227 1126 1314 Asia,

94 1340 228 1435 disjectis
245 1354 344 1410 terrae
358 1355 453 1410 motu
472 1341 673 1411 civitatibus.

133 1463 256 1530 XLIX.
273 1460 478 1530 Procedente
486 1485 566 1530 mox
579 1475 728 1556 tempore
737 1464 837 1532 etiam
848 1463 890 1534 ad
903 1464 1037 1560 rapinas
1048 1489 1126 1534 con·

91 1581 182 1648 vertit
203 1579 367 1648 animum.
388 1581 472 1648 Satis
491 1595 641 1668 constat,
660 1583 721 1651 Cn.
744 1580 924 1652 Lentulum
947 1608 1124 1679 augurem,

90 1702 137 1768 eui
152 1723 273 1769 census
288 1701 451 1769 maximus
462 1698 581 1786 luerit,
600 1713 738 1768 metuet
756 1724 880 1794 angore
896 1701 938 1770 ad
956 1702 1125 1774 fastidium

91 1821 156 1888 rite
174 1819 218 1887 ab
236 1843 278 1888 eo
296 1833 425 1908 actum,
445 1834 478 1886 et
499 1832 537 1886 ut
554 1842 597 1886 ne
614 1843 702 1912 quo,
721 1820 786 1888 nisi
807 1821 878 1914 ipso
894 1821 1032 1910 herede,
1050 1849 1124 1893 mo·

90 1954 236 2008 seretur:
253 1938 507 2008 condemnatam
527 1951 560 2006 et
580 1939 866 2032 generosissimam
887 1940 1045 2012 feminam
1061 1946 1124 2012 Le·

89 2059 211 2152 pidam,
226 2060 265 2126 in
282 2059 421 2153 gratiam
437 2057 572 2145 Quirini
590 2055 774 2127 consularis
791 2059 970 2153 praedivitis
984 2077 1017 2131 et
1032 2063 1123 2151 orbi,

88 2181 137 2273 qui
150 2179 325 2248 dimissam
338 2202 411 2247 earn
428 2203 446 2245 e
463 2178 676 2247 matrimonio
694 2194 770 2272 post
784 2181 978 2251 vicesimum
995 2208 1121 2253 annum

86 2300 200 2368 veneni
216 2295 301 2366 olim
319 2297 353 2366 in
373 2320 408 2365 se
424 2297 606 2392 comparati
625 2299 785 2392 arguebat
798 2323 806 2367 τ
819 2315 977 2394 praeterea
994 2301 1131 2372 Gallia-'

87 2443 155 2487 rum
167 2433 204 2486 et
215 2417 474 2511 Hispaniarum,
488 2417 656 2509 Syriaeque
668 2431 702 2486 et
712 2419 848 2486 Graeciae
862 2421 1029 2514 principes
1045 2446 1122 2492 con·

86 2535 212 2606 fiscatos
231 2536 278 2604 ob
302 2550 372 2604 tam
389 2532 461 2604 leve
478 2548 512 2604 et
531 2549 598 2602 tam
615 2534 789 2630 impudens
806 2536 1047 2608 calumniarum
1066 2566 1122 2636 ge·

86 2679 162 2741 nus,
177 2669 220 2724 ut
237 2652 439 2749 quibusdam
457 2677 525 2722 non
540 2651 630 2722 aliud
648 2655 690 2722 sit
711 2655 895 2749 objectum,
912 2681 1012 2749 quant
1030 2659 1120 2751 quod

85 2789 209 2870 partem
219 2774 269 2842 rei
279 2771 449 2841 familiaris
463 2773 497 2840 in
512 2773 651 2867 pecunia
664 2773 823 2844 haberent
837 2799 845 2842 :
858 2773 1009 2868 plurimis
1018 2778 1118 2886 etiam

84 2893 269 2964 civitatibus
284 2906 319 2960 et
336 2891 473 2985 privatis
487 2906 612 2961 veteres
627 2893 867 2982 immunitates,
887 2907 921 2961 et
931 2894 986 2987 jus
1002 2895 1117 2965 metal-

84 3011 188 3082 lorum
208 3037 248 3081 ac
267 3009 476 3105 vectigalium
493 3010 642 3097 ademta3
663 3010 720 3081 sed
740 3027 772 3082 et
792 3015 988 3100 Vononem,
1007 3039 1117 3109 regem

83 3134 297 3217 Parthorum,
317 3135 375 3224 qui
388 3130 502 3226 pulsus
520 3135 641 3218 asnis,
656 3133 749 3224 quasi
764 3134 799 3211 in
816 3131 914 3204 fidem
932 3133 1047 3228 populi
1063 3161 1116 3204 ro·

82 3255 166 3322 mani
182 3278 263 3322 cum
282 3253 408 3346 ingenti
425 3275 505 3345 gaza
515 3253 728 3322 Antiochiam
739 3277 772 3321 se
792 3267 979 3348 receperat,
996 3253 1114 3350 spolia·

83 3387 151 3441 tum
167 3371 324 3468 perfidia,
342 3384 375 3438 et
392 3371 548 3440 occisum.

126 3495 165 3560 L
185 3490 314 3560 Odium
334 3489 492 3558 adversus
507 3489 765 3559 necessitudines
785 3491 819 3560 iu
837 3495 948 3562 Druso
970 3495 1113 3586 primum

81 3609 178 3678 fratrc
198 3608 344 3696 detexit,
369 3607 500 3702 prodita
518 3610 590 3702 ejus
608 3607 763 3703 epistola,
785 3635 851 3702 qua
870 3636 981 3680 secum
1001 3610 1042 3679 de
1061 3637 1116 3680 co·

80 3727 185 3822 gendo
194 3727 239 3796 ad
246 3727 485 3797 restituendam
496 3726 679 3796 libertatem
690 3731 839 3823 Augusto
851 3731 983 3824 agebat;
994 3731 1114 3799 deinde

79 3849 164 3915 etin
186 3845 332 3941 reliquis.
353 3845 448 3916 tutiae
469 3849 565 3916 uxori
590 3862 721 3916 tautum
740 3848 861 3938 abfuit,
883 3865 920 3918 ut
946 3850 1114 3946 relegatae,

80 3967 171 4060 qnod
188 3970 363 4036 minimum
382 3983 448 4054 est,
467 3967 570 4037 officii
588 3985 647 4037 aut
668 3970 883 4038 humanitatis
907 3969 1032 4062 aliquid
1052 3972 1114 4038 im·

2 4169 3 4188 χ
81 4089 237 4182 pertinet,
250 4104 288 4158 ut
301 4113 341 4158 ex
357 4090 595 4158 constitutione
612 4091 716 4183 patris
730 4115 798 4158 uno
813 4089 937 4183 oppido
952 4088 1112 4180 clausam,

223 4230 245 4276 r.
908 4234 949 4279 ιο
