3168 5440
442 572 479 644 75
717 649 723 660 ι
843 575 874 630 c
895 573 1073 630 suurotm

441 696 498 791 plo
523 695 642 767 Flavias
659 700 768 793 gentis
790 697 876 768 elam
894 697 1021 787 intulit,
1038 697 1270 790 cineribusque
1288 691 1397 778 lullae,
1414 690 1472 760 Titi

444 815 536 904 filiae,
550 843 650 912 quam
666 834 699 889 et
716 821 786 913 ipsa
801 819 977 905 educarat,
995 819 1212 888 commiscuit.

489 941 616 1008 XVlll.
643 942 775 1010 Statura
796 939 860 1009 fuit
886 965 1041 1036 procera,
1067 937 1161 1007 vultu
1181 935 1353 1022 modesto,
1376 935 1478 1024 rubo·¹

441 1059 552 1151 risque
569 1057 687 1152 pleno,
705 1059 886 1154 grandibus
901 1058 1021 1146 oculis,
1039 1083 1155 1128 verum
1181 1059 1251 1127 acie
1281 1056 1448 1126 hebetiora
1469 1079 1475 1120 :

442 1193 600 1272 praeterea
617 1177 758 1274 pulcher
770 1204 809 1250 ac
827 1179 967 1268 decens,
983 1181 1128 1250 maxime
1139 1181 1173 1248 in
1186 1180 1341 1273 juventa,
1355 1190 1388 1244 et
1405 1175 1476 1270 qui·

444 1297 519 1366 dem
535 1314 608 1368 toto
626 1324 783 1394 corpore,
798 1302 945 1396 exceptis
958 1299 1116 1395 pedibus,
1132 1325 1275 1394 qnorum
1293 1297 1414 1392 digitos
1430 1321 1477 1364 re·

442 1421 622 1490 strictiores
641 1421 800 1509 habebat;
820 1437 934 1517 postea
953 1419 1089 1492 calvitio
1108 1445 1241 1516 qnoque
1259 1419 1429 1504 deformis,
1446 1433 1476 1486 et

444 1533 604 1610 obesitate
622 1544 765 1632 ventris,
786 1557 819 1612 et
844 1567 980 1612 crurum
1003 1541 1185 1640 gracilitate
1205 1567 1213 1610 a
1232 1565 1306 1634 quae
1322 1539 1476 1608 tamensi

444 1659 633 1730 valetudine
647 1660 745 1757 longa
759 1678 1015 1733 remacruerant.
1031 1660 1265 1734 Commendari
1279 1685 1313 1730 se
1325 1677 1484 1728 vercona-³

443 1781 498 1851 dia
519 1783 586 1851 oris
606 1781 688 1852 adeo
706 1784 888 1872 sentiebat,
908 1799 947 1853 ut
967 1783 1055 1878 apud
1073 1797 1224 1853 senatum
1244 1781 1291 1851 sie
1311 1779 1475 1875 quondam

441 1902 639 1995 jactaverit:
661 1931 678 1966 α
693 1907 808 1998 Usque
828 1903 938 1974 adhuc
957 1919 1046 1975 certe
1062 1906 1208 1973 animum
1228 1925 1340 1970 meum
1360 1899 1476 1994 proba·

443 2023 518 2111 stis,
539 2037 573 2092 et
590 2021 731 2092 vultum.
745 2053 761 2088 n
778 2023 922 2094 Calvitio
938 2026 988 2098 ita
999 2024 1240 2107 offendebatur,
1258 2036 1297 2090 ut
1313 2023 1346 2090 in
1366 2033 1477 2090 contu·

442 2139 576 2210 meliam
599 2167 692 2211 suam
712 2144 877 2233 traheret,
900 2146 927 2213 si
947 2147 999 2213 cni
1020 2143 1076 2213 alii
1093 2145 1171 2238 joco
1189 2141 1238 2212 vel
1256 2143 1369 2237 jurgio
1389 2141 1475 2234 obje-

441 2277 603 2348 ctaretur;
625 2265 774 2357 quamvis
791 2262 918 2348 libello,
937 2291 1035 2358 quem
1053 2265 1095 2336 de
1112 2267 1203 2336 (lara
1221 2264 1419 2361 capillorum
1439 2259 1475 2330 ad

443 2384 585 2452 amicum
598 2383 719 2470 edidit,
737 2385 807 2454 haec
823 2387 939 2475 etiam,
954 2385 1051 2454 simul
1068 2385 1161 2455 illum
1177 2410 1277 2480 seque
1291 2383 1477 2470 consolaus,

444 2506 618 2574 inseruerit
637 2531 644 2573 :

579 2711 632 2762 ot»
649 2711 732 2780 ὁράᾳς,
746 2703 792 2772 οἶος
806 2712 876 2782 κάγὼ
890 2713 962 2772 καλᾶς
977 2732 1004 2763 τι
1021 2715 1098 2782 μέγας
1117 2723 1162 2770 τι;

441 2871 600 2942 «Eadem
625 2899 678 2943 me
704 2889 815 2945 tamen
846 2891 981 2945 manent
1011 2875 1206 2971 capillorum
1229 2874 1316 2960 fata,
1342 2887 1376 2942 et
1405 2873 1481 2942 sorti

441 2994 554 3062 animo
582 2993 651 3062 sero
674 3019 803 3064 comam
828 2998 862 3063 in
881 2993 1103 3065 adolescentia
1120 3009 1353 3065 senescentem.
1373 2995 1481 3078 Scias,

442 3135 504 3182 neo
524 3115 650 3206 gratius
665 3117 843 3210 quicquam
861 3115 997 3201 decore,
1017 3142 1078 3186 uec
1097 3118 1272 3185 brevius.»

489 3235 581 3302 XIX.
601 3235 739 3304 Laboris
761 3238 956 3331 impatiens,
971 3237 1109 3333 pedibus
1125 3263 1185 3333 per
1200 3237 1327 3308 Urbem
1344 3261 1412 3306 non
1435 3251 1482 3304 te·

441 3377 530 3423 mere
547 3353 752 3425 ambulavit:
769 3359 803 3426 in
821 3357 1031 3454 expeditione
1053 3373 1085 3428 et
1101 3361 1233 3453 agmine
1252 3381 1338 3452 equo
1355 3357 1483 3443 rarius,

442 3473 558 3544 lectica
581 3476 712 3546 assidue
736 3494 850 3548 vectus
868 3494 928 3548 est.
947 3484 1126 3550 Armorum
1153 3477 1266 3560 nullo,
1285 3479 1482 3572 sagittarum

441 3593 491 3664 vel
507 3597 674 3692 praecipuo
690 3597 802 3667 studio
816 3599 1004 3668 tenebatur.
1022 3603 1187 3669 Centenas
1206 3600 1289 3666 varii
1304 3623 1430 3694 genere
1445 3597 1488 3666 fe·

440 3739 494 3784 ras
515 3741 600 3810 saepe
616 3719 651 3785 in
668 3715 789 3787 albano
808 3743 935 3788 secessu
957 3719 1185 3790 conficientem
1203 3735 1392 3814 spectavere
1413 3717 1488 3815 ple·

440 3837 555 3930 rique;
574 3853 672 3932 atque
694 3841 793 3908 etiam
811 3865 850 3908 ex
870 3839 1031 3909 industria
1059 3842 1105 3908 ita
1126 3839 1347 3934 quarumdam
1373 3841 1490 3934 capita

441 3959 614 4053 figentem,
633 3961 811 4032 utduobus
826 3964 947 4032 ictibus
964 3965 1058 4058 quasi
1077 3987 1201 4031 cornua
1216 3961 1370 4032 efficeret.
1392 3963 1491 4031 Non·

441 4103 612 4173 nunquam
624 4083 659 4151 in
671 4085 764 4178 puori
774 4083 890 4179 procul
906 4087 1034 4171 stantis,
1049 4085 1292 4178 praebentisque
1306 4107 1367 4177 pro
1376 4107 1490 4178 scopo

441 4197 628 4293 dispansam
654 4203 778 4273 dextre
807 4229 925 4274 manus
948 4203 1113 4300 palmam,
1135 4206 1270 4300 sagittas
1297 4217 1389 4272 tanta
1417 4218 1494 4271 arte
