3108 5434
427 469 480 508 roo
824 453 853 506 C.
873 453 1046 508 SUETONII

422 598 476 642 ros
502 598 539 641 ac
565 571 701 660 nitidos,
723 575 841 665 quibus
864 575 961 642 ctiam
986 576 1164 643 existimari
1190 572 1317 642 volebat
1340 575 1442 640 inesse
1478 623 1481 642 .

422 689 578 786 quiddam
597 690 700 763 divini
718 692 856 786 vigoris,
872 693 1115 787 gaudebatque,
1130 695 1157 762 si
1171 695 1244 786 quis
1259 693 1321 762 sibi
1337 693 1443 760 acrius

423 811 607 896 contuenti,
620 811 712 902 quasi
726 807 766 876 ad
782 807 945 903 fulgorem
959 809 1050 898 solis,
1065 809 1192 880 vultum
1205 812 1421 884 summitteret
1435 835 1442 875 ε

423 927 540 996 sedin
565 943 695 998 senecta
720 929 854 998 sinistro
878 931 986 998 minus
1011 929 1103 998 vidit.
1128 933 1254 1000 Dentes
1277 953 1388 1014 raros,
1414 944 1445 996 et

423 1049 573 1140 exiguos,
591 1061 625 1115 et
643 1047 789 1134 scabros,
806 1045 962 1140 capillum
982 1047 1099 1116 leniter
1115 1047 1271 1116 inflexum
1286 1061 1320 1115 et
1335 1046 1445 1115 suffla·

424 1189 520 1252 vum,
540 1163 712 1257 supercilia
732 1165 925 1256 conjuncta,
945 1166 1124 1234 mediocres
1145 1189 1257 1250 aures,
1279 1189 1392 1232 nasum
1414 1179 1447 1230 et

424 1307 442 1350 a
467 1307 595 1352 summo
619 1285 886 1369 eminentiorem,
912 1298 944 1352 et
970 1285 1012 1352 ab
1036 1285 1102 1354 imo
1126 1283 1368 1369 deductiorem,
1391 1307 1447 1350 oo·

424 1401 528 1472 lorem
555 1404 640 1473 inter
666 1400 813 1493 aquilum
840 1400 1103 1495 candidumque,
1131 1413 1290 1471 staturam
1316 1402 1448 1469 brevem

424 1521 544 1615 (quam
575 1535 685 1590 tamen
711 1519 817 1590 Julius
843 1521 1017 1588 Marathus
1046 1519 1201 1606 libertus,
1232 1521 1265 1586 in
1293 1518 1452 1588 memoria

424 1643 512 1734 ejus,
537 1631 683 1732 quinque
706 1639 826 1732 pedum
850 1653 883 1705 et
907 1638 1077 1707 dodrantis
1101 1639 1200 1708 fuisse
1224 1635 1367 1730 tradit),
1393 1635 1452 1704 sed

425 1783 497 1852 quae
515 1756 747 1826 commoditate
764 1771 797 1826 et
814 1757 967 1848 equitate
985 1756 1208 1824 membrorum
1226 1753 1452 1836 occuleretur,

425 1892 463 1944 ut
477 1877 610 1944 nonnisi
623 1901 663 1944 ex
676 1875 921 1968 comparatione
934 1871 1093 1942 adstantis
1107 1872 1244 1966 alicujus
1258 1873 1454 1966 procerioris

427 1992 567 2088 intelligi
583 2007 701 2088 posset.

475 2116 609 2183 LXXX.
639 2117 786 2206 Corpore
799 2111 939 2181 traditur
952 2111 1133 2196 maculoso,
1146 2111 1298 2204 dispersis
1310 2134 1369 2202 per
1380 2133 1457 2202 pec-

429 2249 481 2301 tus
498 2247 596 2324 atque
615 2231 725 2300 alvum
746 2233 897 2326 genitivis
917 2233 1020 2314 uotis,
1040 2233 1073 2298 in
1095 2230 1229 2298 modum
1249 2241 1282 2296 et
1301 2228 1456 2296 ordinem

429 2375 467 2419 ac
489 2375 663 2420 numerum
680 2349 848 2418 stellarum
866 2349 1003 2418 eoelestis
1020 2353 1128 2434 Ursae3
1149 2349 1255 2418 sedet
1272 2345 1364 2416 callis
1379 2348 1460 2438 qui-

427 2469 580 2558 busdam,
599 2493 639 2540 ert
659 2468 828 2561 prurigine
847 2467 993 2560 corporis
1010 2467 1205 2559 assiduoque
1220 2481 1254 2534 et
1269 2467 1461 2534 vehementi

426 2587 561 2681 strigilis
583 2611 643 2654 usu
667 2585 873 2679 plurifariam
895 2587 1072 2671 concretis,
1098 2585 1140 2654 ad
1163 2584 1362 2676 impetiginis
1387 2582 1463 2650 for·

428 2713 526 2774 mam.
544 2704 731 2776 Coxendice
750 2719 784 2771 et
799 2704 919 2772 femore
932 2718 964 2770 et
978 2727 1073 2769 crure
1087 2703 1220 2770 sinistro
1235 2725 1302 2768 non
1319 2699 1465 2794 perinde

428 2822 576 2908 valebat,
599 2838 637 2890 ut
657 2847 742 2914 saepe
764 2823 863 2888 etiam
887 2819 963 2886 inde
983 2817 1211 2888 claudicaret:
1233 2817 1290 2888 sed
1312 2819 1467 2886 remedio

428 2941 631 3010 habenarum
661 2953 760 3030 atque
791 2936 992 3006 arundinum
1025 2936 1290 3006 continuabatur.
1323 2941 1470 3006 Dextrae

430 3081 561 3150 quoque
575 3081 693 3124 manus
706 3055 847 3150 digitum
863 3053 1041 3124 salutarem
1056 3071 1122 3124 tam
1139 3054 1338 3124 imbecillum
1357 3059 1472 3126 iuter-

431 3178 511 3246 dum
535 3175 712 3266 sentiebat,
736 3189 775 3244 ut
798 3187 1004 3268 torpentem,
1022 3189 1292 3266 contractumque
1317 3173 1474 3268 frigore,

433 3296 488 3363 vix
519 3294 629 3363 cornei
657 3289 772 3362 circuli
802 3291 1046 3388 supplemento·
1061 3293 1229 3384 scripturae
1256 3291 1475 3364 admoveret.

432 3415 578 3502 Questus
594 3427 642 3482 est
660 3427 692 3480 et
711 3411 753 3480 de
768 3413 891 3496 aesica,
911 3413 1006 3505 cujus
1025 3409 1155 3496 dolore,
1174 3408 1306 3479 calculis
1324 3411 1479 3482 demum

433 3559 491 3627 per
507 3533 638 3601 urinam
653 3532 777 3624 ejectis,
797 3529 976 3602 levabatur.

478 3653 632 3722 LXXXI.
659 3653 787 3719 Graves
810 3663 842 3718 et
863 3647 1061 3743 periculosas
1084 3649 1285 3718 valetudines
1307 3673 1374 3744 per
1399 3677 1485 3720 om-

434 3797 509 3841 nem
531 3771 634 3839 vitam
657 3769 783 3862 aliquot
807 3785 961 3864 expertus
986 3783 1035 3838 est
1060 3795 1069 3836 ε
1092 3770 1255 3863 precipue
1281 3771 1488 3842 Cantabria

434 3892 577 3978 domita,
599 3914 703 3984 quum
726 3893 845 3977 etiam,
868 3887 1140 3960 destillationibus
1158 3890 1304 3982 jecinore
1323 3891 1489 3980 vitiato,

435 4008 475 4076 ad
505 4008 762 4104 desperationem
792 4007 963 4090 redactus,
993 4007 1190 4077 contrariam
1222 4021 1254 4074 et
1283 4009 1492 4102 ancipitem
