<?xml version="1.0" encoding="UTF-8"?>
<!DOCTYPE html PUBLIC "-//W3C//DTD XHTML 1.0 Transitional//EN"
    "http://www.w3.org/TR/xhtml1/DTD/xhtml1-transitional.dtd">
<html xmlns="http://www.w3.org/1999/xhtml" xml:lang="en" lang="en">
 <head>
  <title>
</title>
<meta http-equiv="Content-Type" content="text/html;charset=utf-8" />
  <meta name='ocr-system' content='tesseract 3.04.00' />
  <meta name='ocr-capabilities' content='ocr_page ocr_carea ocr_par ocr_line ocrx_word'/>
</head>
<body>
  <div class='ocr_page' id='page_1' title='image "./caiisuetonitran00grosgoog_0403.png"; bbox 0 0 3168 5440; ppageno 0'>
   <div class='ocr_carea' id='block_1_1' title="bbox 423 519 1059 592">
    <p class='ocr_par' dir='ltr' id='par_1_1' title="bbox 423 519 1059 592">
     <span class='ocr_line' id='line_1_1' title="bbox 423 519 1059 592; baseline -0.005 -11"><span class='ocrx_word' id='word_1_1' title='bbox 423 524 462 592; x_wconf 81' lang='grc'><strong>98</strong></span> <span class='ocrx_word' id='word_1_2' title='bbox 833 519 863 574; x_wconf 76' lang='lat'><strong>(2</strong></span> <span class='ocrx_word' id='word_1_3' title='bbox 881 521 1059 579; x_wconf 71' lang='lat' dir='ltr'><strong>suerent!</strong></span> 
     </span>
    </p>
   </div>
   <div class='ocr_carea' id='block_1_2' title="bbox 418 643 1456 2430">
    <p class='ocr_par' dir='ltr' id='par_1_2' title="bbox 418 643 1456 2430">
     <span class='ocr_line' id='line_1_2' title="bbox 426 643 1453 742; baseline 0.002 -28"><span class='ocrx_word' id='word_1_4' title='bbox 426 669 492 737; x_wconf 86' lang='lat' dir='ltr'><strong>qua</strong></span> <span class='ocrx_word' id='word_1_5' title='bbox 513 644 597 715; x_wconf 85' lang='lat' dir='ltr'><strong>sorte</strong></span> <span class='ocrx_word' id='word_1_6' title='bbox 620 669 734 716; x_wconf 87' lang='lat' dir='ltr'><strong>recens</strong></span> <span class='ocrx_word' id='word_1_7' title='bbox 755 645 937 716; x_wconf 85' lang='lat' dir='ltr'><strong>accidisset.</strong></span> <span class='ocrx_word' id='word_1_8' title='bbox 956 650 1091 740; x_wconf 87' lang='lat' dir='ltr'><strong>Itaque,</strong></span> <span class='ocrx_word' id='word_1_9' title='bbox 1111 643 1259 714; x_wconf 75' lang='lat' dir='ltr'><strong>locorum</strong></span> <span class='ocrx_word' id='word_1_10' title='bbox 1278 647 1376 716; x_wconf 88' lang='lat' dir='ltr'><strong>etiam</strong></span> <span class='ocrx_word' id='word_1_11' title='bbox 1400 672 1453 742; x_wconf 89' lang='lat' dir='ltr'><strong>ap·</strong></span> 
     </span>
     <span class='ocr_line' id='line_1_3' title="bbox 423 765 1453 862; baseline 0.003 -28"><span class='ocrx_word' id='word_1_12' title='bbox 423 765 658 859; x_wconf 86' lang='lat' dir='ltr'><strong>pellatiunibus</strong></span> <span class='ocrx_word' id='word_1_13' title='bbox 680 766 833 860; x_wconf 84' lang='lat' dir='ltr'><strong>adjectis,</strong></span> <span class='ocrx_word' id='word_1_14' title='bbox 850 770 995 862; x_wconf 84' lang='lat' dir='ltr'><strong>proponi</strong></span> <span class='ocrx_word' id='word_1_15' title='bbox 1020 767 1182 838; x_wconf 88' lang='lat' dir='ltr'><strong>solebant.</strong></span> <span class='ocrx_word' id='word_1_16' title='bbox 1208 769 1265 837; x_wconf 91' lang='lat' dir='ltr'><strong>Sic</strong></span> <span class='ocrx_word' id='word_1_17' title='bbox 1283 783 1371 837; x_wconf 87' lang='lat' dir='ltr'><strong>certe</strong></span> <span class='ocrx_word' id='word_1_18' title='bbox 1391 767 1453 837; x_wconf 91' lang='lat' dir='ltr'><strong>col·</strong></span> 
     </span>
     <span class='ocr_line' id='line_1_4' title="bbox 424 885 1454 982; baseline 0.001 -27"><span class='ocrx_word' id='word_1_19' title='bbox 424 885 518 956; x_wconf 78' lang='lat' dir='ltr'><strong>lecte</strong></span> <span class='ocrx_word' id='word_1_20' title='bbox 533 887 697 982; x_wconf 76' lang='lat' dir='ltr'><strong>editasque</strong></span> <span class='ocrx_word' id='word_1_21' title='bbox 706 913 743 957; x_wconf 90' lang='lat' dir='ltr'><strong>se</strong></span> <span class='ocrx_word' id='word_1_22' title='bbox 756 888 880 958; x_wconf 88' lang='lat' dir='ltr'><strong>habent</strong></span> <span class='ocrx_word' id='word_1_23' title='bbox 896 913 958 958; x_wconf 83' lang='lat' dir='ltr'><strong>:ex</strong></span> <span class='ocrx_word' id='word_1_24' title='bbox 972 889 1094 982; x_wconf 85' lang='lat' dir='ltr'><strong>quibus</strong></span> <span class='ocrx_word' id='word_1_25' title='bbox 1107 915 1173 958; x_wconf 87' lang='lat' dir='ltr'><strong>non</strong></span> <span class='ocrx_word' id='word_1_26' title='bbox 1189 887 1333 958; x_wconf 89' lang='lat' dir='ltr'><strong>alienum</strong></span> <span class='ocrx_word' id='word_1_27' title='bbox 1347 888 1454 976; x_wconf 85' lang='lat' dir='ltr'><strong>fuerit,</strong></span> 
     </span>
     <span class='ocr_line' id='line_1_5' title="bbox 424 1007 1453 1104; baseline 0.001 -29"><span class='ocrx_word' id='word_1_28' title='bbox 424 1033 524 1078; x_wconf 82' lang='lat' dir='ltr'><strong>uuam</strong></span> <span class='ocrx_word' id='word_1_29' title='bbox 545 1023 580 1078; x_wconf 85' lang='lat' dir='ltr'><strong>et</strong></span> <span class='ocrx_word' id='word_1_30' title='bbox 599 1007 756 1094; x_wconf 79' lang='lat' dir='ltr'><strong>alteram,</strong></span> <span class='ocrx_word' id='word_1_31' title='bbox 780 1008 924 1104; x_wconf 86' lang='lat' dir='ltr'><strong>exempli</strong></span> <span class='ocrx_word' id='word_1_32' title='bbox 943 1031 1062 1098; x_wconf 86' lang='lat' dir='ltr'><strong>causa,</strong></span> <span class='ocrx_word' id='word_1_33' title='bbox 1090 1009 1132 1078; x_wconf 88' lang='lat' dir='ltr'><strong>ad</strong></span> <span class='ocrx_word' id='word_1_34' title='bbox 1150 1010 1289 1078; x_wconf 87' lang='lat' dir='ltr'><strong>verbum</strong></span> <span class='ocrx_word' id='word_1_35' title='bbox 1308 1009 1429 1078; x_wconf 84' lang='lat' dir='ltr'><strong>referre</strong></span> <span class='ocrx_word' id='word_1_36' title='bbox 1447 1036 1453 1076; x_wconf 91' lang='lat'>:</span> 
     </span>
     <span class='ocr_line' id='line_1_6' title="bbox 424 1127 1456 1224; baseline 0.001 -27"><span class='ocrx_word' id='word_1_37' title='bbox 424 1129 587 1198; x_wconf 72' lang='lat' dir='ltr'><strong>cAEstivo</strong></span> <span class='ocrx_word' id='word_1_38' title='bbox 604 1143 753 1222; x_wconf 86' lang='lat' dir='ltr'><strong>ternpore</strong></span> <span class='ocrx_word' id='word_1_39' title='bbox 769 1127 993 1199; x_wconf 74' lang='lat' dir='ltr'><strong>adolescentes</strong></span> <span class='ocrx_word' id='word_1_40' title='bbox 1008 1129 1128 1200; x_wconf 90' lang='lat' dir='ltr'><strong>urbani</strong></span> <span class='ocrx_word' id='word_1_41' title='bbox 1146 1154 1249 1224; x_wconf 90' lang='lat' dir='ltr'><strong>quum</strong></span> <span class='ocrx_word' id='word_1_42' title='bbox 1265 1132 1393 1200; x_wconf 86' lang='lat' dir='ltr'>Ostiam</span> <span class='ocrx_word' id='word_1_43' title='bbox 1408 1155 1456 1198; x_wconf 82' lang='lat' dir='ltr'><strong>re·</strong></span> 
     </span>
     <span class='ocr_line' id='line_1_7' title="bbox 422 1248 1456 1344; baseline 0.001 -28"><span class='ocrx_word' id='word_1_44' title='bbox 422 1249 558 1334; x_wconf 82' lang='lat' dir='ltr'><strong>uissent,</strong></span> <span class='ocrx_word' id='word_1_45' title='bbox 573 1248 651 1318; x_wconf 85' lang='lat' dir='ltr'><strong>litus</strong></span> <span class='ocrx_word' id='word_1_46' title='bbox 668 1250 823 1344; x_wconf 79' lang='lat' dir='ltr'><strong>ingressi,</strong></span> <span class='ocrx_word' id='word_1_47' title='bbox 837 1249 1014 1344; x_wconf 84' lang='lat' dir='ltr'><strong>piscatores</strong></span> <span class='ocrx_word' id='word_1_48' title='bbox 1031 1250 1199 1320; x_wconf 86' lang='lat' dir='ltr'><strong>trahentes</strong></span> <span class='ocrx_word' id='word_1_49' title='bbox 1214 1265 1283 1319; x_wconf 88' lang='lat' dir='ltr'><strong>rete</strong></span> <span class='ocrx_word' id='word_1_50' title='bbox 1295 1249 1456 1332; x_wconf 78' lang='lat' dir='ltr'><strong>adierunt,</strong></span> 
     </span>
     <span class='ocr_line' id='line_1_8' title="bbox 422 1367 1455 1464; baseline 0 -26"><span class='ocrx_word' id='word_1_51' title='bbox 422 1383 459 1439; x_wconf 90' lang='lat' dir='ltr'><strong>et</strong></span> <span class='ocrx_word' id='word_1_52' title='bbox 472 1371 685 1464; x_wconf 79' lang='lat' dir='ltr'><strong>pepigerunt,</strong></span> <span class='ocrx_word' id='word_1_53' title='bbox 705 1367 821 1440; x_wconf 90' lang='lat' dir='ltr'><strong>bolum</strong></span> <span class='ocrx_word' id='word_1_54' title='bbox 840 1372 957 1464; x_wconf 87' lang='lat' dir='ltr'><strong>quanti</strong></span> <span class='ocrx_word' id='word_1_55' title='bbox 979 1385 1128 1440; x_wconf 81' lang='lat' dir='ltr'><strong>emerent</strong></span> <span class='ocrx_word' id='word_1_56' title='bbox 1149 1397 1157 1438; x_wconf 93' lang='lat'><strong>:</strong></span> <span class='ocrx_word' id='word_1_57' title='bbox 1178 1395 1332 1442; x_wconf 74' lang='lat' dir='ltr'><strong>nummos</strong></span> <span class='ocrx_word' id='word_1_58' title='bbox 1354 1369 1455 1440; x_wconf 82' lang='lat' dir='ltr'><strong>solve-</strong></span> 
     </span>
     <span class='ocr_line' id='line_1_9' title="bbox 422 1490 1454 1587; baseline 0.001 -29"><span class='ocrx_word' id='word_1_59' title='bbox 422 1504 535 1560; x_wconf 88' lang='lat' dir='ltr'><strong>runt:</strong></span> <span class='ocrx_word' id='word_1_60' title='bbox 561 1490 620 1560; x_wconf 87' lang='lat' dir='ltr'><strong>diu</strong></span> <span class='ocrx_word' id='word_1_61' title='bbox 646 1505 938 1585; x_wconf 81' lang='lat' dir='ltr'><strong>exspectaverunt,</strong></span> <span class='ocrx_word' id='word_1_62' title='bbox 966 1491 1046 1561; x_wconf 87' lang='lat' dir='ltr'><strong>dnm</strong></span> <span class='ocrx_word' id='word_1_63' title='bbox 1073 1492 1156 1587; x_wconf 87' lang='lat' dir='ltr'><strong>retia</strong></span> <span class='ocrx_word' id='word_1_64' title='bbox 1183 1492 1454 1560; x_wconf 75' lang='lat' dir='ltr'><strong>extraherentur:</strong></span> 
     </span>
     <span class='ocr_line' id='line_1_10' title="bbox 421 1609 1455 1706; baseline 0 -26"><span class='ocrx_word' id='word_1_65' title='bbox 421 1609 602 1704; x_wconf 82' lang='lat' dir='ltr'><strong>aliquando</strong></span> <span class='ocrx_word' id='word_1_66' title='bbox 618 1611 792 1700; x_wconf 77' lang='lat' dir='ltr'><strong>extractis,</strong></span> <span class='ocrx_word' id='word_1_67' title='bbox 807 1612 907 1704; x_wconf 85' lang='lat' dir='ltr'><strong>piscis</strong></span> <span class='ocrx_word' id='word_1_68' title='bbox 924 1610 1035 1684; x_wconf 82' lang='lat' dir='ltr'><strong>nullus</strong></span> <span class='ocrx_word' id='word_1_69' title='bbox 1055 1611 1174 1700; x_wconf 84' lang='lat' dir='ltr'><strong>infuit,</strong></span> <span class='ocrx_word' id='word_1_70' title='bbox 1188 1612 1245 1682; x_wconf 86' lang='lat' dir='ltr'><strong>sed</strong></span> <span class='ocrx_word' id='word_1_71' title='bbox 1261 1628 1374 1706; x_wconf 85' lang='lat' dir='ltr'><strong>sporta</strong></span> <span class='ocrx_word' id='word_1_72' title='bbox 1387 1613 1455 1682; x_wconf 83' lang='lat' dir='ltr'><strong>atui</strong></span> 
     </span>
     <span class='ocr_line' id='line_1_11' title="bbox 422 1733 1455 1828; baseline 0 -26"><span class='ocrx_word' id='word_1_73' title='bbox 422 1733 551 1802; x_wconf 76' lang='lat' dir='ltr'><strong>obsuto.</strong></span> <span class='ocrx_word' id='word_1_74' title='bbox 586 1736 676 1802; x_wconf 68' lang='lat' dir='ltr'><strong>Tum⁴</strong></span> <span class='ocrx_word' id='word_1_75' title='bbox 697 1747 839 1806; x_wconf 79' lang='lat' dir='ltr'><strong>cantores</strong></span> <span class='ocrx_word' id='word_1_76' title='bbox 865 1733 978 1804; x_wconf 91' lang='lat' dir='ltr'><strong>bolum</strong></span> <span class='ocrx_word' id='word_1_77' title='bbox 1012 1759 1109 1804; x_wconf 81' lang='lat' dir='ltr'><strong>suum</strong></span> <span class='ocrx_word' id='word_1_78' title='bbox 1136 1735 1254 1822; x_wconf 85' lang='lat' dir='ltr'><strong>aiunt,</strong></span> <span class='ocrx_word' id='word_1_79' title='bbox 1282 1736 1455 1828; x_wconf 78' lang='lat' dir='ltr'><strong>piscatores</strong></span> 
     </span>
     <span class='ocr_line' id='line_1_12' title="bbox 422 1851 1453 1948; baseline -0.002 -26"><span class='ocrx_word' id='word_1_80' title='bbox 422 1877 532 1922; x_wconf 79' lang='lat' dir='ltr'><strong>snum.</strong></span> <span class='ocrx_word' id='word_1_81' title='bbox 546 1882 564 1918; x_wconf 75' lang='lat' dir='ltr'><strong>a</strong></span> <span class='ocrx_word' id='word_1_82' title='bbox 577 1893 626 1908; x_wconf 89' lang='lat'><strong>--</strong></span> <span class='ocrx_word' id='word_1_83' title='bbox 640 1851 832 1924; x_wconf 76' lang='lat' dir='ltr'><strong>«venalicii</strong></span> <span class='ocrx_word' id='word_1_84' title='bbox 846 1857 951 1948; x_wconf 84' lang='lat' dir='ltr'><strong>quum</strong></span> <span class='ocrx_word' id='word_1_85' title='bbox 965 1853 1133 1924; x_wconf 77' lang='lat' dir='ltr'><strong>brundisii</strong></span> <span class='ocrx_word' id='word_1_86' title='bbox 1145 1879 1278 1948; x_wconf 80' lang='lat' dir='ltr'><strong>gregem</strong></span> <span class='ocrx_word' id='word_1_87' title='bbox 1292 1853 1453 1922; x_wconf 81' lang='lat' dir='ltr'><strong>venalium</strong></span> 
     </span>
     <span class='ocr_line' id='line_1_13' title="bbox 418 1973 1453 2068; baseline -0.002 -24"><span class='ocrx_word' id='word_1_88' title='bbox 418 1999 442 2044; x_wconf 85' lang='lat' dir='ltr'><strong>e</strong></span> <span class='ocrx_word' id='word_1_89' title='bbox 452 1975 531 2046; x_wconf 81' lang='lat' dir='ltr'><strong>navi</strong></span> <span class='ocrx_word' id='word_1_90' title='bbox 547 1973 745 2062; x_wconf 87' lang='lat' dir='ltr'><strong>educerent,</strong></span> <span class='ocrx_word' id='word_1_91' title='bbox 762 1974 957 2044; x_wconf 80' lang='lat' dir='ltr'><strong>formasset</strong></span> <span class='ocrx_word' id='word_1_92' title='bbox 974 1975 1119 2068; x_wconf 85' lang='lat' dir='ltr'><strong>pretioso</strong></span> <span class='ocrx_word' id='word_1_93' title='bbox 1135 1997 1256 2068; x_wconf 76' lang='lat' dir='ltr'><strong>patero,</strong></span> <span class='ocrx_word' id='word_1_94' title='bbox 1271 1973 1363 2068; x_wconf 87' lang='lat' dir='ltr'><strong>quod</strong></span> <span class='ocrx_word' id='word_1_95' title='bbox 1380 1999 1453 2068; x_wconf 86' lang='lat' dir='ltr'><strong>per·</strong></span> 
     </span>
     <span class='ocr_line' id='line_1_14' title="bbox 421 2093 1455 2189; baseline -0.002 -25"><span class='ocrx_word' id='word_1_96' title='bbox 421 2095 537 2164; x_wconf 76' lang='lat' dir='ltr'><strong>titos-es</strong></span> <span class='ocrx_word' id='word_1_97' title='bbox 564 2095 786 2182; x_wconf 81' lang='lat' dir='ltr'><strong>verebantur,</strong></span> <span class='ocrx_word' id='word_1_98' title='bbox 810 2093 933 2184; x_wconf 86' lang='lat' dir='ltr'><strong>bullam</strong></span> <span class='ocrx_word' id='word_1_99' title='bbox 961 2109 994 2164; x_wconf 90' lang='lat' dir='ltr'><strong>et</strong></span> <span class='ocrx_word' id='word_1_100' title='bbox 1018 2109 1207 2188; x_wconf 73' lang='lat' dir='ltr'><strong>praetextam</strong></span> <span class='ocrx_word' id='word_1_101' title='bbox 1225 2110 1336 2189; x_wconf 80' lang='lat' dir='ltr'><strong>togam</strong></span> <span class='ocrx_word' id='word_1_102' title='bbox 1357 2096 1455 2188; x_wconf 85' lang='lat' dir='ltr'><strong>impo-</strong></span> 
     </span>
     <span class='ocr_line' id='line_1_15' title="bbox 423 2213 1455 2316; baseline -0.002 -32"><span class='ocrx_word' id='word_1_103' title='bbox 423 2239 519 2284; x_wconf 86' lang='lat' dir='ltr'><strong>suere</strong></span> <span class='ocrx_word' id='word_1_104' title='bbox 536 2240 544 2284; x_wconf 91' lang='lat'><strong>:</strong></span> <span class='ocrx_word' id='word_1_105' title='bbox 561 2213 656 2284; x_wconf 81' lang='lat' dir='ltr'><strong>facile</strong></span> <span class='ocrx_word' id='word_1_106' title='bbox 682 2213 847 2284; x_wconf 70' lang='lat' dir='ltr'><strong>salterium</strong></span> <span class='ocrx_word' id='word_1_107' title='bbox 865 2213 1037 2316; x_wconf 79' lang='lat' dir='ltr'><strong>celarunt.</strong></span> <span class='ocrx_word' id='word_1_108' title='bbox 1059 2215 1198 2284; x_wconf 80' lang='lat' dir='ltr'><strong>Romam</strong></span> <span class='ocrx_word' id='word_1_109' title='bbox 1226 2215 1361 2286; x_wconf 73' lang='lat' dir='ltr'><strong>venitur</strong></span> <span class='ocrx_word' id='word_1_110' title='bbox 1380 2240 1389 2282; x_wconf 79' lang='grc' dir='ltr'><strong><em>ε</em></strong></span> <span class='ocrx_word' id='word_1_111' title='bbox 1410 2239 1455 2282; x_wconf 83' lang='lat' dir='ltr'><strong>res</strong></span> 
     </span>
     <span class='ocr_line' id='line_1_16' title="bbox 424 2334 1455 2430; baseline -0.004 -26"><span class='ocrx_word' id='word_1_112' title='bbox 424 2337 557 2430; x_wconf 78' lang='lat' dir='ltr'><strong>cognita</strong></span> <span class='ocrx_word' id='word_1_113' title='bbox 576 2349 625 2406; x_wconf 85' lang='lat' dir='ltr'><strong>cst</strong></span> <span class='ocrx_word' id='word_1_114' title='bbox 642 2362 650 2405; x_wconf 75' lang='grc' dir='ltr'><strong>ε</strong></span> <span class='ocrx_word' id='word_1_115' title='bbox 672 2337 797 2430; x_wconf 85' lang='lat' dir='ltr'><strong>petitur</strong></span> <span class='ocrx_word' id='word_1_116' title='bbox 813 2361 908 2430; x_wconf 87' lang='lat' dir='ltr'><strong>puer,</strong></span> <span class='ocrx_word' id='word_1_117' title='bbox 925 2334 1015 2428; x_wconf 74' lang='lat' dir='ltr'><strong>qnod</strong></span> <span class='ocrx_word' id='word_1_118' title='bbox 1034 2335 1162 2403; x_wconf 77' lang='lat' dir='ltr'><strong>domim</strong></span> <span class='ocrx_word' id='word_1_119' title='bbox 1174 2334 1347 2404; x_wconf 78' lang='lat' dir='ltr'><strong>voluntate</strong></span> <span class='ocrx_word' id='word_1_120' title='bbox 1364 2334 1455 2403; x_wconf 87' lang='lat' dir='ltr'><strong>suerit</strong></span> 
     </span>
    </p>
   </div>
   <div class='ocr_carea' id='block_1_3' title="bbox 419 2452 1457 2668">
    <p class='ocr_par' dir='ltr' id='par_1_3' title="bbox 419 2452 1457 2668">
     <span class='ocr_line' id='line_1_17' title="bbox 421 2452 1454 2550; baseline 0 -28"><span class='ocrx_word' id='word_1_121' title='bbox 421 2452 516 2540; x_wconf 82' lang='lat' dir='ltr'><strong>liber,</strong></span> <span class='ocrx_word' id='word_1_122' title='bbox 532 2455 566 2524; x_wconf 90' lang='lat' dir='ltr'><strong>in</strong></span> <span class='ocrx_word' id='word_1_123' title='bbox 582 2453 780 2526; x_wconf 75' lang='lat' dir='ltr'><strong>libertatern</strong></span> <span class='ocrx_word' id='word_1_124' title='bbox 794 2485 811 2522; x_wconf 79' lang='lat' dir='ltr'><strong>a</strong></span> <span class='ocrx_word' id='word_1_125' title='bbox 827 2454 918 2526; x_wconf 87' lang='lat' dir='ltr'><strong>Olim</strong></span> <span class='ocrx_word' id='word_1_126' title='bbox 931 2470 1040 2524; x_wconf 85' lang='lat' dir='ltr'><strong>autem</strong></span> <span class='ocrx_word' id='word_1_127' title='bbox 1052 2479 1107 2524; x_wconf 85' lang='lat' dir='ltr'><strong>eas</strong></span> <span class='ocrx_word' id='word_1_128' title='bbox 1120 2452 1341 2550; x_wconf 74' lang='lat' dir='ltr'><strong>appellatione</strong></span> <span class='ocrx_word' id='word_1_129' title='bbox 1357 2467 1454 2548; x_wconf 65' lang='lat' dir='ltr'><strong>grets</strong></span> 
     </span>
     <span class='ocr_line' id='line_1_18' title="bbox 419 2567 1457 2668; baseline -0.004 -22"><span class='ocrx_word' id='word_1_130' title='bbox 419 2567 592 2654; x_wconf 64' lang='lat' dir='ltr'><strong>cottam</strong></span> <span class='ocrx_word' id='word_1_131' title='bbox 602 2576 770 2646; x_wconf 76' lang='lat' dir='ltr'><strong>vocabant</strong></span> <span class='ocrx_word' id='word_1_132' title='bbox 786 2601 795 2645; x_wconf 78' lang='lat' dir='ltr'>z</span> <span class='ocrx_word' id='word_1_133' title='bbox 811 2599 889 2644; x_wconf 82' lang='lat' dir='ltr'><strong>mor</strong></span> <span class='ocrx_word' id='word_1_134' title='bbox 904 2577 1148 2646; x_wconf 65' lang='lat' dir='ltr'><strong>controversias</strong></span> <span class='ocrx_word' id='word_1_135' title='bbox 1161 2573 1312 2668; x_wconf 83' lang='lat' dir='ltr'><strong>quidam,</strong></span> <span class='ocrx_word' id='word_1_136' title='bbox 1331 2573 1391 2643; x_wconf 88' lang='lat' dir='ltr'><strong>sed</strong></span> <span class='ocrx_word' id='word_1_137' title='bbox 1404 2588 1457 2643; x_wconf 83' lang='lat' dir='ltr'><strong>aut</strong></span> 
     </span>
    </p>
   </div>
   <div class='ocr_carea' id='block_1_4' title="bbox 414 2693 1542 4230">
    <p class='ocr_par' dir='ltr' id='par_1_4' title="bbox 418 2693 1542 3029">
     <span class='ocr_line' id='line_1_19' title="bbox 420 2693 1455 2789; baseline -0.004 -23"><span class='ocrx_word' id='word_1_138' title='bbox 420 2699 535 2781; x_wconf 70' lang='lat' dir='ltr'><strong>fictas,</strong></span> <span class='ocrx_word' id='word_1_139' title='bbox 557 2711 614 2766; x_wconf 86' lang='lat' dir='ltr'><strong>aut</strong></span> <span class='ocrx_word' id='word_1_140' title='bbox 627 2695 827 2785; x_wconf 72' lang='lat' dir='ltr'><strong>Jitdt&#39;ciales.</strong></span> <span class='ocrx_word' id='word_1_141' title='bbox 849 2693 996 2765; x_wconf 82' lang='lat' dir='ltr'><strong>illustres</strong></span> <span class='ocrx_word' id='word_1_142' title='bbox 1022 2694 1238 2789; x_wconf 79' lang='lat' dir='ltr'><strong>professores,</strong></span> <span class='ocrx_word' id='word_1_143' title='bbox 1263 2709 1296 2762; x_wconf 91' lang='lat' dir='ltr'><strong>et</strong></span> <span class='ocrx_word' id='word_1_144' title='bbox 1316 2719 1455 2788; x_wconf 86' lang='lat' dir='ltr'><strong>quorum</strong></span> 
     </span>
     <span class='ocr_line' id='line_1_20' title="bbox 420 2803 1542 2910; baseline -0.004 -24"><span class='ocrx_word' id='word_1_145' title='bbox 420 2803 582 2886; x_wconf 70' lang='lat' dir='ltr'><strong>anemoria</strong></span> <span class='ocrx_word' id='word_1_146' title='bbox 608 2814 720 2910; x_wconf 87' lang='lat' dir='ltr'><strong>aliqua</strong></span> <span class='ocrx_word' id='word_1_147' title='bbox 745 2829 873 2896; x_wconf 81' lang='lat' dir='ltr'><strong>exstet,</strong></span> <span class='ocrx_word' id='word_1_148' title='bbox 902 2839 968 2884; x_wconf 91' lang='lat' dir='ltr'><strong>non</strong></span> <span class='ocrx_word' id='word_1_149' title='bbox 988 2828 1123 2888; x_wconf 77' lang='lat' dir='ltr'><strong>,temere</strong></span> <span class='ocrx_word' id='word_1_150' title='bbox 1150 2812 1206 2882; x_wconf 88' lang='lat' dir='ltr'><strong>alii</strong></span> <span class='ocrx_word' id='word_1_151' title='bbox 1235 2815 1452 2908; x_wconf 74' lang='lat' dir='ltr'><strong>reperientur,</strong></span> <span class='ocrx_word' id='word_1_152' title='bbox 1539 2849 1542 2854; x_wconf 92' lang='lat'>·</span> 
     </span>
     <span class='ocr_line' id='line_1_21' title="bbox 418 2934 876 3029; baseline -0.002 -24"><span class='ocrx_word' id='word_1_153' title='bbox 418 2958 518 3029; x_wconf 78' lang='lat' dir='ltr'><strong>qtram</strong></span> <span class='ocrx_word' id='word_1_154' title='bbox 538 2935 579 3005; x_wconf 85' lang='lat' dir='ltr'><strong>de</strong></span> <span class='ocrx_word' id='word_1_155' title='bbox 599 2936 720 3029; x_wconf 89' lang='lat' dir='ltr'><strong>quibus</strong></span> <span class='ocrx_word' id='word_1_156' title='bbox 737 2934 876 3004; x_wconf 88' lang='lat' dir='ltr'><strong>tradam.</strong></span> 
     </span>
    </p>

    <p class='ocr_par' dir='ltr' id='par_1_5' title="bbox 414 3053 1526 4230">
     <span class='ocr_line' id='line_1_22' title="bbox 465 3053 1526 3135; baseline -0.002 -11"><span class='ocrx_word' id='word_1_157' title='bbox 465 3057 507 3124; x_wconf 91' lang='lat'><strong>11.</strong></span> <span class='ocrx_word' id='word_1_158' title='bbox 531 3059 568 3124; x_wconf 86' lang='lat' dir='ltr'><strong>L.</strong></span> <span class='ocrx_word' id='word_1_159' title='bbox 590 3053 713 3135; x_wconf 86' lang='lat' dir='ltr'><strong>Plotius</strong></span> <span class='ocrx_word' id='word_1_160' title='bbox 732 3053 857 3124; x_wconf 82' lang='lat' dir='ltr'><strong>Gallus.</strong></span> <span class='ocrx_word' id='word_1_161' title='bbox 881 3058 932 3123; x_wconf 88' lang='lat' dir='ltr'><strong>De</strong></span> <span class='ocrx_word' id='word_1_162' title='bbox 949 3055 1013 3124; x_wconf 88' lang='lat' dir='ltr'><strong>boe</strong></span> <span class='ocrx_word' id='word_1_163' title='bbox 1025 3057 1142 3124; x_wconf 88' lang='lat' dir='ltr'><strong>Cicero</strong></span> <span class='ocrx_word' id='word_1_164' title='bbox 1166 3054 1450 3124; x_wconf 65' lang='lat' dir='ltr'><strong>canticinium</strong></span> <span class='ocrx_word' id='word_1_165' title='bbox 1523 3079 1526 3090; x_wconf 90' lang='lat'>·</span> 
     </span>
     <span class='ocr_line' id='line_1_23' title="bbox 416 3174 1456 3269; baseline 0 -26"><span class='ocrx_word' id='word_1_166' title='bbox 416 3177 462 3244; x_wconf 89' lang='lat' dir='ltr'><strong>sic</strong></span> <span class='ocrx_word' id='word_1_167' title='bbox 476 3174 577 3243; x_wconf 88' lang='lat' dir='ltr'><strong>refert</strong></span> <span class='ocrx_word' id='word_1_168' title='bbox 595 3200 602 3242; x_wconf 76' lang='grc' dir='ltr'><strong>ε</strong></span> <span class='ocrx_word' id='word_1_169' title='bbox 618 3203 635 3240; x_wconf 79' lang='grc' dir='ltr'><strong>α</strong></span> <span class='ocrx_word' id='word_1_170' title='bbox 651 3175 817 3268; x_wconf 87' lang='lat' dir='ltr'><strong>Equidem</strong></span> <span class='ocrx_word' id='word_1_171' title='bbox 833 3175 993 3244; x_wconf 88' lang='lat' dir='ltr'><strong>memoria</strong></span> <span class='ocrx_word' id='word_1_172' title='bbox 1011 3189 1126 3265; x_wconf 82' lang='lat' dir='ltr'><strong>teneo,</strong></span> <span class='ocrx_word' id='word_1_173' title='bbox 1142 3175 1251 3269; x_wconf 84' lang='lat' dir='ltr'><strong>pueris</strong></span> <span class='ocrx_word' id='word_1_174' title='bbox 1264 3175 1376 3262; x_wconf 80' lang='lat' dir='ltr'><strong>uobis,</strong></span> <span class='ocrx_word' id='word_1_175' title='bbox 1391 3175 1456 3269; x_wconf 89' lang='lat' dir='ltr'><strong>pri·</strong></span> 
     </span>
     <span class='ocr_line' id='line_1_24' title="bbox 416 3293 1456 3389; baseline 0 -27"><span class='ocrx_word' id='word_1_176' title='bbox 416 3319 508 3364; x_wconf 89' lang='lat' dir='ltr'><strong>mum</strong></span> <span class='ocrx_word' id='word_1_177' title='bbox 532 3293 632 3364; x_wconf 85' lang='lat' dir='ltr'><strong>latine</strong></span> <span class='ocrx_word' id='word_1_178' title='bbox 659 3294 777 3363; x_wconf 89' lang='lat' dir='ltr'><strong>docere</strong></span> <span class='ocrx_word' id='word_1_179' title='bbox 795 3295 931 3389; x_wconf 86' lang='lat' dir='ltr'><strong>coepisse</strong></span> <span class='ocrx_word' id='word_1_180' title='bbox 962 3297 999 3365; x_wconf 90' lang='lat' dir='ltr'><strong>L.</strong></span> <span class='ocrx_word' id='word_1_181' title='bbox 1018 3294 1161 3364; x_wconf 86' lang='lat' dir='ltr'><strong>Plotium</strong></span> <span class='ocrx_word' id='word_1_182' title='bbox 1186 3293 1364 3387; x_wconf 88' lang='lat' dir='ltr'><strong>quemdam</strong></span> <span class='ocrx_word' id='word_1_183' title='bbox 1390 3296 1456 3363; x_wconf 85' lang='lat' dir='ltr'><strong>:ad</strong></span> 
     </span>
     <span class='ocr_line' id='line_1_25' title="bbox 416 3413 1460 3509; baseline 0 -27"><span class='ocrx_word' id='word_1_184' title='bbox 416 3438 515 3508; x_wconf 88' lang='lat' dir='ltr'><strong>quem</strong></span> <span class='ocrx_word' id='word_1_185' title='bbox 536 3439 639 3509; x_wconf 89' lang='lat' dir='ltr'><strong>quum</strong></span> <span class='ocrx_word' id='word_1_186' title='bbox 656 3414 751 3483; x_wconf 85' lang='lat' dir='ltr'><strong>lieret</strong></span> <span class='ocrx_word' id='word_1_187' title='bbox 767 3439 971 3501; x_wconf 86' lang='lat' dir='ltr'><strong>concursus,</strong></span> <span class='ocrx_word' id='word_1_188' title='bbox 988 3413 1079 3508; x_wconf 88' lang='lat' dir='ltr'><strong>quod</strong></span> <span class='ocrx_word' id='word_1_189' title='bbox 1095 3414 1355 3484; x_wconf 84' lang='lat' dir='ltr'><strong>studiosissimus</strong></span> <span class='ocrx_word' id='word_1_190' title='bbox 1372 3416 1460 3508; x_wconf 90' lang='lat' dir='ltr'><strong>quis-</strong></span> 
     </span>
     <span class='ocr_line' id='line_1_26' title="bbox 414 3520 1459 3629; baseline -0.001 -26"><span class='ocrx_word' id='word_1_191' title='bbox 414 3557 481 3628; x_wconf 83' lang='lat' dir='ltr'><strong>que</strong></span> <span class='ocrx_word' id='word_1_192' title='bbox 506 3533 595 3629; x_wconf 89' lang='lat' dir='ltr'><strong>apud</strong></span> <span class='ocrx_word' id='word_1_193' title='bbox 623 3557 700 3603; x_wconf 89' lang='lat' dir='ltr'><strong>eum</strong></span> <span class='ocrx_word' id='word_1_194' title='bbox 727 3547 946 3620; x_wconf 83' lang='lat' dir='ltr'><strong>exerceretur,</strong></span> <span class='ocrx_word' id='word_1_195' title='bbox 973 3533 1147 3622; x_wconf 78' lang='lat' dir='ltr'><strong>dolebam,</strong></span> <span class='ocrx_word' id='word_1_196' title='bbox 1167 3535 1248 3604; x_wconf 89' lang='lat' dir='ltr'><strong>mibi</strong></span> <span class='ocrx_word' id='word_1_197' title='bbox 1276 3535 1366 3604; x_wconf 89' lang='lat' dir='ltr'><strong>idem</strong></span> <span class='ocrx_word' id='word_1_198' title='bbox 1391 3520 1459 3604; x_wconf 85' lang='lat' dir='ltr'><strong>neu</strong></span> 
     </span>
     <span class='ocr_line' id='line_1_27' title="bbox 416 3654 1457 3724; baseline 0.001 -2"><span class='ocrx_word' id='word_1_199' title='bbox 416 3654 523 3723; x_wconf 88' lang='lat' dir='ltr'><strong>licere.</strong></span> <span class='ocrx_word' id='word_1_200' title='bbox 550 3654 757 3723; x_wconf 85' lang='lat' dir='ltr'><strong>Contiuebar</strong></span> <span class='ocrx_word' id='word_1_201' title='bbox 777 3669 886 3723; x_wconf 87' lang='lat' dir='ltr'><strong>autem</strong></span> <span class='ocrx_word' id='word_1_202' title='bbox 912 3654 1178 3724; x_wconf 82' lang='lat' dir='ltr'><strong>doctissimorum</strong></span> <span class='ocrx_word' id='word_1_203' title='bbox 1199 3655 1376 3724; x_wconf 88' lang='lat' dir='ltr'><strong>homiuum</strong></span> <span class='ocrx_word' id='word_1_204' title='bbox 1396 3679 1457 3724; x_wconf 85' lang='lat' dir='ltr'><strong>au·</strong></span> 
     </span>
     <span class='ocr_line' id='line_1_28' title="bbox 415 3773 1458 3870; baseline 0 -26"><span class='ocrx_word' id='word_1_205' title='bbox 415 3777 587 3860; x_wconf 88' lang='lat' dir='ltr'><strong>ctoritate,</strong></span> <span class='ocrx_word' id='word_1_206' title='bbox 606 3777 664 3869; x_wconf 92' lang='lat' dir='ltr'><strong>qui</strong></span> <span class='ocrx_word' id='word_1_207' title='bbox 684 3777 934 3864; x_wconf 85' lang='lat' dir='ltr'><strong>existimabant,</strong></span> <span class='ocrx_word' id='word_1_208' title='bbox 957 3776 1071 3870; x_wconf 69' lang='lat' dir='ltr'><strong>graecis</strong></span> <span class='ocrx_word' id='word_1_209' title='bbox 1096 3777 1393 3845; x_wconf 83' lang='lat' dir='ltr'><strong>exercitationibus</strong></span> <span class='ocrx_word' id='word_1_210' title='bbox 1415 3773 1458 3844; x_wconf 88' lang='lat' dir='ltr'><strong>ali</strong></span> 
     </span>
     <span class='ocr_line' id='line_1_29' title="bbox 417 3893 1461 3991; baseline 0 -29"><span class='ocrx_word' id='word_1_211' title='bbox 417 3893 535 3966; x_wconf 83' lang='lat' dir='ltr'><strong>ruelius</strong></span> <span class='ocrx_word' id='word_1_212' title='bbox 554 3897 688 3991; x_wconf 83' lang='lat' dir='ltr'><strong>ingenia</strong></span> <span class='ocrx_word' id='word_1_213' title='bbox 708 3921 813 3991; x_wconf 84' lang='lat' dir='ltr'><strong>posse.</strong></span> <span class='ocrx_word' id='word_1_214' title='bbox 830 3925 846 3962; x_wconf 77' lang='lat' dir='ltr'><strong>s</strong></span> <span class='ocrx_word' id='word_1_215' title='bbox 866 3899 963 3966; x_wconf 82' lang='lat' dir='ltr'><strong>lluuc</strong></span> <span class='ocrx_word' id='word_1_216' title='bbox 985 3895 1136 3965; x_wconf 83' lang='lat' dir='ltr'><strong>eumdem</strong></span> <span class='ocrx_word' id='word_1_217' title='bbox 1156 3896 1253 3990; x_wconf 84' lang='lat' dir='ltr'><strong>(narn</strong></span> <span class='ocrx_word' id='word_1_218' title='bbox 1273 3897 1461 3966; x_wconf 87' lang='lat' dir='ltr'><strong>diutissime</strong></span> 
     </span>
     <span class='ocr_line' id='line_1_30' title="bbox 419 4013 1466 4110; baseline 0.002 -28"><span class='ocrx_word' id='word_1_219' title='bbox 419 4015 517 4110; x_wconf 82' lang='lat' dir='ltr'><strong>visit)</strong></span> <span class='ocrx_word' id='word_1_220' title='bbox 534 4019 581 4084; x_wconf 82' lang='lat' dir='ltr'><strong>M.</strong></span> <span class='ocrx_word' id='word_1_221' title='bbox 598 4013 725 4087; x_wconf 81' lang='lat' dir='ltr'><strong>Coelius</strong></span> <span class='ocrx_word' id='word_1_222' title='bbox 740 4018 773 4086; x_wconf 93' lang='lat' dir='ltr'><strong>in</strong></span> <span class='ocrx_word' id='word_1_223' title='bbox 788 4017 956 4104; x_wconf 87' lang='lat' dir='ltr'><strong>oratioue,</strong></span> <span class='ocrx_word' id='word_1_224' title='bbox 971 4040 1071 4110; x_wconf 90' lang='lat' dir='ltr'><strong>quam</strong></span> <span class='ocrx_word' id='word_1_225' title='bbox 1091 4041 1152 4110; x_wconf 90' lang='lat' dir='ltr'><strong>pro</strong></span> <span class='ocrx_word' id='word_1_226' title='bbox 1170 4041 1204 4085; x_wconf 86' lang='lat' dir='ltr'><strong>se</strong></span> <span class='ocrx_word' id='word_1_227' title='bbox 1220 4015 1262 4085; x_wconf 85' lang='lat' dir='ltr'><strong>de</strong></span> <span class='ocrx_word' id='word_1_228' title='bbox 1278 4017 1308 4084; x_wconf 85' lang='lat' dir='ltr'><strong>vi</strong></span> <span class='ocrx_word' id='word_1_229' title='bbox 1322 4017 1466 4098; x_wconf 85' lang='lat' dir='ltr'><strong>habuit,</strong></span> 
     </span>
     <span class='ocr_line' id='line_1_31' title="bbox 417 4135 1465 4230; baseline -0.002 -27"><span class='ocrx_word' id='word_1_230' title='bbox 417 4135 621 4230; x_wconf 83' lang='lat' dir='ltr'><strong>significabat</strong></span> <span class='ocrx_word' id='word_1_231' title='bbox 636 4137 776 4207; x_wconf 86' lang='lat' dir='ltr'><strong>‹lictasse</strong></span> <span class='ocrx_word' id='word_1_232' title='bbox 790 4138 962 4226; x_wconf 83' lang='lat' dir='ltr'><strong>Atraciuo,</strong></span> <span class='ocrx_word' id='word_1_233' title='bbox 982 4137 1164 4206; x_wconf 85' lang='lat' dir='ltr'><strong>accusatori</strong></span> <span class='ocrx_word' id='word_1_234' title='bbox 1180 4161 1255 4223; x_wconf 80' lang='lat' dir='ltr'><strong>stro,</strong></span> <span class='ocrx_word' id='word_1_235' title='bbox 1271 4138 1444 4206; x_wconf 87' lang='lat' dir='ltr'><strong>actionem</strong></span> <span class='ocrx_word' id='word_1_236' title='bbox 1457 4162 1465 4201; x_wconf 91' lang='lat'><strong>:</strong></span> 
     </span>
    </p>
   </div>
   <div class='ocr_carea' id='block_1_5' title="bbox 0 0 1588 5440">
    <p class='ocr_par' dir='ltr' id='par_1_6' title="bbox 0 0 1588 5440">
     <span class='ocr_line' id='line_1_32' title="bbox 0 0 1588 5440; baseline 0 1"><span class='ocrx_word' id='word_1_237' title='bbox 0 0 1588 5440; x_wconf 95' lang='lat' dir='ltr'><strong> </strong></span> 
     </span>
    </p>
   </div>
  </div>
 </body>
</html>
