3108 5434
439 515 494 576 tol
830 507 860 561 G
880 504 1054 562 sumtu

482 635 685 702 LXXXVII.
711 629 916 721 Quotidiano
930 653 1081 698 sermone
1095 626 1244 722 quadam
1259 623 1455 719 frequentius
1531 621 1533 712 ζ

437 766 472 820 et
487 749 675 820 notabiliter
693 774 868 844 usin-passe
884 773 978 836 eunt,
997 747 1114 818 litterre
1133 747 1236 841 ipsius
1251 742 1456 838 autographa
1533 805 1534 826 ,

436 883 613 938 ostentmt.
628 871 668 937 In
685 868 806 962 quibus
822 867 1017 954 identidem,
1032 889 1136 960 quum
1150 864 1276 959 aliquos
1293 885 1456 955 nunquam

436 985 603 1056 soluturus
623 987 809 1081 significare
826 984 917 1073 vult,
939 985 1016 1056 «Ad
1031 981 1198 1054 Kalendas
1221 987 1352 1054 Graecas
1373 980 1456 1052 solu-

437 1121 555 1176 turos»
577 1107 643 1194 ait;
669 1120 703 1175 et
726 1131 830 1200 quum
849 1105 1022 1194 bortatur,
1044 1103 1177 1173 ferenda
1201 1127 1270 1172 esse
1293 1103 1458 1197 presentia

436 1223 677 1318 qualiacunque
694 1225 776 1312 sint,
792 1253 809 1288 α
818 1225 979 1293 Contenti
995 1224 1096 1292 simus
1111 1223 1175 1292 boc
1190 1225 1330 1308 Catone3
1340 1249 1357 1284 s
1370 1233 1402 1288 et
1419 1219 1458 1287 ad

437 1341 683 1436 exprimendam
696 1343 855 1412 festinum
868 1343 915 1411 rei
930 1341 1152 1428 velocitatem,
1166 1339 1350 1428 «Celerius,
1362 1361 1458 1432 quam

438 1463 587 1557 asparagi
604 1475 829 1554 coquuntur.»
847 1461 946 1530 Ponit
962 1459 1092 1536 auidus
1106 1474 1139 1528 et
1156 1463 1217 1553 p'ro
1233 1457 1333 1528 stulto
1349 1456 1460 1527 berceo-

437 1579 505 1650 lum
514 1607 528 1665 ;
545 1593 579 1648 et
598 1604 659 1673 pro
678 1578 787 1674 pullo,
800 1580 1044 1677 pulletiroeum
1061 1593 1094 1650 et
1113 1603 1174 1673 pro
1193 1579 1329 1665 cerrito,
1348 1601 1461 1646 vacer-

437 1722 549 1770 rosum
558 1725 572 1783 ,·
588 1713 623 1768 et
638 1699 760 1795 caprile
777 1724 813 1769 se
829 1699 966 1784 dobere,
982 1725 1045 1794 pro
1060 1697 1160 1784 male,
1175 1713 1210 1767 et
1227 1696 1383 1780 hunam,
1401 1719 1461 1790 pro

438 1815 613 1912 languere,
630 1817 720 1910 quod
742 1818 840 1914 vulgo
858 1819 1075 1891 taetantm
1090 1819 1229 1904 dicitur3
1245 1819 1322 1886 item
1341 1817 1462 1898 sunus,

439 1961 500 2029 pro
520 1961 655 2021 sumus;
674 1953 709 2006 et
728 1937 847 2007 domos
866 1940 1013 2032 genitivo
1034 1961 1112 2006 casu
1132 1935 1306 2031 singulari,
1326 1959 1387 2028 pro
1406 1934 1464 2003 do-

440 2079 536 2139 otus,·
561 2081 621 2124 nec
646 2081 792 2148 unquam
819 2057 915 2126 aliter
939 2057 1010 2127 bec
1034 2059 1122 2146 duo,
1149 2083 1191 2125 ne
1215 2058 1288 2150 quis
1314 2053 1463 2123 mendam

441 2175 544 2274 magis
571 2199 672 2265 quam
700 2175 972 2244 consuetudinem
999 2190 1102 2271 putet.
1128 2177 1249 2246 Notavi
1276 2176 1367 2243 etin
1395 2173 1465 2241 cbi-

442 2293 607 2386 rographo
630 2295 701 2386 ejus
725 2292 780 2362 illa
805 2298 968 2389 praecipue
997 2322 1005 2362 :
1031 2319 1097 2363 non
1122 2293 1239 2362 dividit
1261 2293 1379 2379 verba,
1406 2315 1468 2360 nec

441 2412 484 2480 ab
504 2425 651 2480 extrema
672 2427 765 2506 parte
788 2438 944 2482 versuum
966 2413 1168 2482 abundantes
1186 2413 1309 2482 litteras
1333 2414 1367 2480 in
1385 2410 1469 2480 alte·

441 2555 518 2600 rum
546 2529 718 2617 transfert,
748 2531 804 2600 sed
831 2531 952 2603 ibidem
981 2534 1092 2602 statim
1120 2533 1251 2626 subjicit
1278 2531 1470 2601 circumdu-

442 2651 562 2744 citqne.

489 2773 707 2844 LXXXVIII.
733 2775 1033 2868 Ortbograpbiam,
1055 2775 1088 2842 id
1105 2791 1155 2844 est
1171 2773 1348 2844 formulam
1368 2776 1474 2842 ratio·

443 2915 584 2986 nemque
605 2892 808 2961 scribendis
829 2895 1050 2986 grammaticis
1073 2897 1274 2982 institutam,
1295 2919 1362 2961 non
1386 2893 1473 2962 adeo

443 3011 614 3096 custodiit;
630 3037 667 3080 ac
682 3011 814 3080 videtur
827 3038 942 3082 eorum
959 3015 1069 3108 potius
1085 3015 1177 3107 sequi
1191 3013 1398 3108 opinionem,
1416 3015 1478 3106 qui

444 3128 580 3222 perinde
591 3130 815 3220 scribendum,
827 3130 1065 3226 acloquamur,
1077 3135 1269 3203 existiment.
1280 3136 1368 3205 Nam
1379 3133 1478 3227 quod

444 3271 529 3341 saepe
543 3272 611 3316 non
628 3246 754 3318 litteras
766 3249 880 3340 modo,
898 3251 955 3320 sed
970 3251 1125 3346 syllabas,
1142 3268 1200 3322 aut
1218 3267 1401 3347 permutat,
1416 3268 1481 3322 aut

444 3369 605 3460 preterit,
620 3370 989 3440 communishominum
1001 3387 1164 3441 errorent.
1179 3373 1248 3441 Nec
1260 3397 1320 3467 ego
1333 3371 1366 3440 id
1379 3387 1483 3442 nota-

445 3509 534 3572 rem,
553 3486 616 3555 nisi
635 3486 716 3554 mihi
734 3489 856 3558 mirum
875 3490 1057 3580 videretur,
1078 3491 1248 3561 tradidisse
1264 3492 1411 3584 aliquos,
1433 3493 1483 3561 le-

446 3618 523 3697 gato
542 3629 619 3673 eum
638 3606 803 3676 consulari
822 3633 1039 3678 successorem
1060 3611 1201 3700 dedisse,
1221 3627 1258 3680 ut
1276 3611 1350 3679 rudi
1370 3627 1410 3680 et
1429 3615 1486 3680 in·

446 3720 558 3805 docto,
572 3723 666 3816 cujus
682 3749 782 3794 manu
799 3733 852 3796 ici
865 3753 926 3822 pro
942 3729 1009 3824 ipsi
1022 3732 1180 3824 scriptum
1196 3729 1485 3800 animadverterit.

446 3843 585 3930 Quoties
605 3858 715 3912 autem
737 3861 909 3938 pernotus
926 3847 1059 3934 scribit,
1081 3848 1102 3916 b
1118 3875 1180 3942 pro
1198 3873 1240 3933 a,
1259 3873 1277 3917 c
1296 3872 1357 3942 pro
1374 3847 1421 3935 b,
1443 3875 1487 3918 ac

447 3958 599 4056 deinceps
615 3963 728 4032 eadem
747 3968 889 4055 ratione,
910 3983 1082 4062 sequentes
1099 3967 1222 4037 litteras
1238 3969 1346 4060 ponit;
1365 3993 1439 4061 pro
1458 3995 1490 4039 x

448 4092 555 4146 autem
572 4080 693 4173 duplex
708 4107 742 4150 a.
