3108 5434
416 525 469 587 aad
810 529 840 581 C.
862 523 1039 582 SUE'IUNII

414 645 519 734 renti,
542 647 671 718 veniam
699 648 799 717 dedit.
823 650 917 738 Quin
939 665 972 719 et
991 649 1191 744 pertinacius
1214 641 1429 716 retinentibus
1442 669 1464 728 ,¹

414 764 490 832 cibo
514 789 574 860 per
595 767 811 860 quatriduum
834 769 1004 838 abstinuit.
1032 773 1131 838 Facta
1157 763 1289 836 tandem
1310 761 1453 834 abeundi

414 897 590 976 potestate,
602 885 725 956 relictis
737 891 850 958 Roma
865 913 970 958 uxore
986 903 1019 957 et
1035 885 1121 976 filio,
1141 885 1311 958 confestim
1325 883 1453 954 Ostiam

414 1001 602 1094 descendit;
635 1033 676 1076 ue
704 1008 807 1076 verbo
835 1008 970 1102 quidem
999 1009 1156 1100 cuiquam
1183 1005 1453 1098 prosequentium

414 1121 561 1212 reddito,
581 1149 771 1220 paucosque
786 1127 966 1199 admodum
982 1128 1017 1194 in
1035 1126 1184 1222 digressu
1202 1121 1421 1193 exosculatus.

460 1245 521 1314 xt.
548 1244 599 1315 Ab
627 1248 721 1317 Ostia
741 1271 834 1316 oram
858 1248 1048 1342 Campaniae
1075 1245 1206 1341 legens,
1233 1241 1456 1312 imbecillitate

414 1365 556 1459 Augusti
575 1367 752 1456 nunciata,
772 1365 908 1461 paulum
931 1366 1087 1435 substitit.
1109 1365 1175 1435 Sed
1196 1364 1456 1433 increbrescente

414 1509 568 1572 rumore,
587 1487 680 1579 quasi
698 1486 742 1556 ad
761 1488 969 1557 occasionem
991 1486 1126 1580 majoris
1145 1487 1214 1580 spei
1238 1509 1456 1554 commorare·

415 1619 485 1693 tur,
502 1619 633 1676 tantum
652 1631 720 1676 nou
738 1607 884 1676 adversis
902 1605 1152 1701 tempestatibus
1172 1602 1330 1674 Rhodum
1345 1604 1458 1672 enavi-

414 1727 520 1818 gavit,
539 1727 728 1796 amoenitate
748 1741 781 1795 et
798 1725 992 1797 salubritate
1008 1723 1123 1795 insulae
1138 1725 1208 1818 jam
1228 1723 1305 1792 iude
1319 1737 1457 1816 captus,

414 1869 516 1937 quum
532 1845 573 1914 ad
583 1871 656 1915 eam
669 1847 712 1916 ab
721 1847 878 1916 Armenia
889 1845 1021 1916 rediens
1032 1843 1225 1940 appulisset.
1238 1845 1302 1912 Hic
1317 1841 1456 1911 modicis

416 1979 592 2036 contentus
609 1964 753 2054 aedibus,
771 1991 832 2035 nec
850 1965 958 2036 multo
978 1964 1103 2035 laxiore
1122 1965 1333 2052 suburbano,
1352 1989 1456 2057 genus

417 2084 492 2152 vitae
518 2085 613 2154 civile
640 2085 820 2154 admodum
846 2087 1010 2172 instituit,
1030 2087 1100 2154 sine
1120 2083 1236 2153 lictore
1253 2098 1312 2152 aut
1332 2085 1459 2152 viatore

416 2205 585 2298 gymnasia
607 2205 773 2274 interdum
796 2204 1035 2292 obambulans,
1060 2219 1243 2297 mutuaque
1268 2227 1344 2272 cum
1364 2203 1460 2271 Grae-

415 2323 499 2393 culis
517 2324 627 2394 officia
647 2351 833 2419 usurpans,
853 2350 958 2420 prope
980 2350 1021 2394 ex
1044 2349 1149 2418 aequo.
1173 2327 1273 2392 Forte
1290 2321 1460 2416 quondam

417 2446 450 2513 in
471 2445 677 2540 disponendo
696 2445 750 2515 die
769 2473 865 2516 mane
882 2445 1098 2542 praedixerat,
1117 2444 1277 2539 quicquid
1295 2469 1462 2538 aegrorum

416 2567 603 2636 incivitate
624 2582 726 2656 esset,
747 2569 880 2638 visitare
903 2593 939 2638 se
962 2566 1046 2637 velle
1066 2591 1074 2634 :
1096 2567 1130 2636 id
1151 2592 1170 2636 a
1188 2566 1347 2661 proximis
1363 2563 1463 2633 aliter

415 2701 613 2781 exceptum:
629 2689 779 2782 jussique
795 2705 874 2759 sunt
894 2715 1010 2759 omnes
1027 2689 1105 2783 aegri
1124 2687 1158 2755 in
1177 2685 1341 2781 publicam
1357 2687 1464 2780 porti-

415 2831 492 2876 cum
515 2806 654 2896 deferri,
680 2833 719 2878 ac
738 2835 798 2903 per
818 2809 1046 2878 valetudinum
1068 2833 1189 2903 genera
1211 2806 1352 2901 disponi.
1380 2809 1463 2875 Per-

415 2928 526 2999 culsus
550 2931 653 3024 igitur
680 2932 853 3023 inopinata
878 2955 929 3017 re,
958 2929 1016 2998 diu
1045 2928 1127 3022 quid
1153 2941 1266 3022 ageret
1294 2929 1465 3012 incertus,

417 3063 527 3117 tamen
537 3047 685 3144 singulos
696 3051 831 3132 circuit;
844 3075 1004 3119 excusans
1017 3048 1142 3118 factum
1157 3049 1257 3116 etiam
1267 3047 1467 3114 tenuissimo

417 3167 555 3262 cuique,
571 3184 604 3237 et
623 3171 748 3263 ignoto.
766 3174 880 3240 Unum
897 3172 961 3240 boc
976 3168 1230 3256 tautummodo,
1249 3191 1357 3261 neque
1380 3194 1469 3263 prae·

420 3303 510 3357 terea
530 3291 706 3383 quicquam
725 3305 877 3360 notatum
897 3306 964 3380 est',
988 3293 1021 3360 iu
1043 3315 1111 3385 quo
1131 3292 1315 3362 exercuisse
1328 3291 1385 3386 jus
1404 3293 1468 3358 tri-

416 3409 557 3479 buniciae
574 3411 745 3503 potestatis
760 3412 849 3480 visus
863 3413 915 3480 sit.
933 3414 1050 3500 Quum
1065 3413 1153 3482 oirca
1171 3410 1300 3480 scholas
1317 3425 1350 3480 ct
1365 3410 1470 3485 audi-

418 3531 504 3600 toria
523 3529 747 3626 professorum
770 3532 921 3602 assiduus
942 3549 1043 3618 esset,
1062 3548 1155 3604 moto
1174 3535 1259 3602 inter
1277 3531 1471 3628 antisophi-

417 3667 484 3720 stas
507 3653 659 3746 graviore
680 3653 811 3748 jurgio,
829 3676 903 3723 non
927 3653 1046 3740 defuit,
1067 3657 1125 3748 qui
1145 3676 1220 3724 eum
1241 3641 1472 3723 intervenien-

415 3786 505 3859 tem,
524 3785 557 3840 et
577 3773 671 3866 qnasi
689 3773 921 3844 studiosiorem
942 3776 1047 3870 partis
1065 3774 1220 3865 alterius,
1239 3775 1393 3844 convicio
1414 3777 1472 3843 in-

417 3907 565 3961 cesseret.
585 3893 713 3963 Sensim
735 3895 846 3987 itaque
869 3917 1037 3990 regressus
1055 3895 1209 3982 domum,
1226 3909 1365 3989 repente
1386 3921 1471 3963 cunr

417 4015 659 4107 apparitoribus
673 4015 814 4110 prodiit,
826 4016 1031 4109 citatumque
1044 4041 1106 4110 pro
1116 4015 1274 4084 tribunali
1290 4040 1370 4084 voce
1383 4041 1474 4109 prae-

419 4136 509 4202 conis
532 4137 787 4205 conviciatorem
812 4139 884 4230 rapi
905 4139 1002 4230 jussit
1029 4139 1062 4204 in
1088 4161 1263 4206 carcerem.
1288 4137 1477 4229 Comperit
