3138 5438
420 523 456 577 ²8
817 515 846 570 C.
868 513 1042 570 sunnonu

419 643 576 712 Muciam.
597 643 683 710 Nam
702 653 790 707 certe
808 639 984 730 Pompeio,
1005 649 1037 704 et
1055 660 1074 703 a
1091 637 1290 704 Curionibus
1306 651 1399 732 patre
1414 653 1443 706 et
1553 649 1554 656 ’

420 761 508 849 filio,
529 776 560 828 et
582 786 601 828 a
621 758 732 829 multis
755 757 989 850 exprobratum
1009 771 1077 842 est,
1096 755 1189 847 quod
1205 757 1325 850 ucujus
1348 781 1441 826 causa

421 895 495 973 post
523 891 588 948 tres
616 851 736 946 liberos
764 876 922 970 exegisset
951 899 1106 961 uxorem,
1135 889 1168 944 et
1193 899 1292 967 quem
1316 899 1443 968 gemens

353 1077 356 1084 ¹
421 999 605 1092 AEgisthuui
625 993 790 1089 appellare
813 1008 1018 1079 consuesset,
1042 994 1112 1086 ejus
1131 1007 1243 1086 postea
1268 991 1368 1061 liliam
1393 1019 1445 1086 po

421 1117 529 1186 tentiae
545 1115 726 1209 cupiditate
746 1115 783 1182 in
798 1113 1044 1182 matrimonium
1063 1113 1273 1204 recepisset.»
1290 1111 1353 1179 Sed
1371 1126 1444 1180 ante

420 1234 498 1303 alias
515 1233 629 1302 dilexit
640 1236 689 1301 M.
705 1233 800 1300 Bruti
818 1245 956 1298 inanem
970 1229 1139 1298 Serviliam
1155 1255 1163 1296 ε
1178 1231 1231 1297 cui
1246 1244 1279 1297 et
1297 1232 1445 1322 proximo

420 1379 480 1422 suo
502 1351 676 1422 consulatu
703 1350 848 1442 sexagies
874 1349 1021 1417 sestertio
1049 1349 1260 1440 margaritam
1287 1363 1445 1415 mercatus

421 1487 490 1559 est,
509 1487 543 1541 et
562 1471 649 1540 bello
670 1469 759 1538 civili
786 1493 884 1562 super
907 1467 985 1535 alias
1012 1466 1226 1553 donationes,
1249 1465 1447 1558 amplissima

422 1591 543 1684 praedia
556 1617 595 1660 ex
610 1589 818 1658 auctionibus
833 1588 934 1656 hastae
949 1611 1085 1654 nummo
1099 1583 1225 1653 addixit
1240 1611 1247 1652 :
1261 1608 1364 1678 quum
1378 1585 1447 1676 qui-

422 1709 512 1798 dem,
528 1708 691 1803 plerisqffl
707 1709 866 1774 vilitatem
884 1705 1096 1790 mirantibus,
1113 1703 1304 1771 facetissime
1318 1695 1448 1790 Cicero,

422 1831 525 1916 “Quo
551 1825 687 1913 melius,
708 1827 833 1918 inquit,
861 1838 1008 1916 emptum
1030 1821 1157 1909 sciatis,
1175 1823 1286 1889 Tertia
1310 1820 1448 1888 deducta

422 1961 471 2015 est
491 1971 530 2013 :x
549 1945 797 2014 existimabatur
820 1944 907 2010 enim
929 1938 1085 2028 Servilia,
1108 1942 1206 2009 etiarn
1232 1939 1331 2008 liliam
1356 1965 1446 2009 suam

423 2067 566 2132 Tertiam
583 2064 703 2133 Caesari
720 2061 903 2131 conciliare.

471 2187 526 2252 LI.
557 2188 608 2255 Ne
643 2181 897 2276 provincialibus
932 2179 1064 2273 quidem
1099 2180 1318 2247 matrimoniis
1352 2180 1450 2247 absti-

425 2305 552 2389 nuisse,
570 2302 621 2370 vel
642 2301 705 2370 hoc
727 2301 867 2369 disticho
887 2315 1044 2394 apparet,
1065 2299 1188 2393 jactato
1211 2324 1301 2392 teque
1324 2324 1343 2368 a
1365 2298 1451 2368 mili·

424 2423 511 2490 tibus
530 2447 590 2514 per
609 2419 773 2491 Gallicum
793 2419 999 2513 triumphum
1020 2445 1028 2486 x
1189 2416 1192 2424 ⁴

500 2625 626 2690 Urbani,
638 2636 746 2684 servate
761 2643 876 2696 uxores,
889 2627 1027 2682 moechum
1040 2627 1151 2682 calvum
1165 2626 1334 2680 adducimus.

503 2721 606 2774 tuum
619 2719 649 2772 in
664 2717 755 2774 Gallia
768 2717 917 2774 effutuisti:
931 2717 977 2774 hic
990 2718 1130 2791 sumpsisti
1143 2729 1276 2772 mutuum.

470 2905 541 2970 LlI.
569 2900 692 2970 Dilexit
713 2916 747 2969 et
767 2903 913 2994 reginas,
934 2858 1019 2968 ixiter
1039 2907 1119 2992 quas
1140 2903 1279 2968 Eunoen
1301 2901 1454 2967 Mauram

425 3019 568 3112 Bogudis
591 3045 730 3092 uxorem
753 3045 762 3087 ε
785 3022 839 3088 cui
865 3023 1048 3113 maritoque
1072 3021 1141 3114 ejus
1168 3019 1310 3114 plurima
1333 3033 1367 3087 ct
1395 3021 1456 3118 lm*
1553 3015 1554 3018 ¹

425 3163 536 3206 inensa
561 3138 694 3224 tribuit,
722 3153 759 3206 ut
783 3141 874 3207 Naso
899 3141 1051 3232 scripsit:
1072 3139 1127 3207 sed
1150 3140 1289 3206 maxime
1312 3137 1456 3231 Cleopa·

425 3271 530 3345 tram,
548 3283 624 3326 cum
643 3283 709 3351 qua
726 3273 757 3326 et
774 3260 925 3326 convivia
943 3261 975 3326 in
995 3261 1133 3352 primam
1152 3259 1256 3328 lucem
1274 3284 1357 3353 sape
1376 3284 1457 3352 pro·

426 3378 541 3464 traxit,
562 3393 594 3446 et
617 3377 730 3448 eadem
752 3403 835 3446 nave
856 3377 1039 3472 thalamego
1062 3403 1152 3472 paene
1175 3380 1338 3472 AEthiopia
1359 3393 1459 3446 tenus

425 3499 602 3590 AEgyptum
628 3499 827 3590 penetravit,
851 3499 913 3565 nisi
939 3500 1097 3566 exercitus
1122 3499 1214 3590 sequi
1239 3511 1422 3566 recusasset
1450 3521 1457 3562 :

424 3641 524 3709 quarn
540 3615 681 3708 denique
698 3618 833 3684 accitam
851 3617 883 3684 in
904 3619 1039 3704 urbem,
1061 3642 1128 3685 non
1147 3617 1208 3684 nisi
1228 3616 1378 3684 maximis
1396 3616 1460 3682 ho·

426 3737 560 3803 noribus
589 3736 794 3828 praemiisque
821 3751 949 3803 auctam
975 3737 1118 3823 remisit,
1145 3735 1314 3829 liliumque
1339 3750 1461 3802 natum

426 3852 589 3947 appellare
613 3855 745 3922 nomine
767 3879 827 3922 suo
852 3879 965 3947 passus
990 3869 1063 3922 est:
1087 3879 1183 3948 quem
1210 3853 1342 3947 quidem
1368 3879 1459 3922 non·

427 3971 508 4038 nulli
533 3975 725 4041 Graecorum
753 3973 890 4040 similem
914 3999 1046 4066 quoque
1073 3977 1208 4044 Ctesaris
1232 3989 1265 4042 et
1291 3972 1400 4040 forma
1428 3989 1461 4039 et

427 4091 552 4158 incessu
572 4091 786 4159 tradiderunt.
808 4095 855 4160 M.
877 4095 1038 4162 Antonius
1057 4096 1206 4185 agnitum
1223 4095 1319 4162 etiam
1339 4093 1381 4159 ab
1401 4119 1463 4179 eo,
