3138 5438
424 519 459 578 4²
825 519 855 574 C.
877 519 1050 574 SUETONII

423 637 551 706 bunitia
583 638 829 730 praeteruehenti
861 641 937 728 sibi,
964 665 1065 708 unum
1090 665 1108 708 e
1130 639 1265 734 collegio
1290 643 1442 712 Pontium

423 755 574 848 Aquilam
597 782 664 826 non
682 759 894 827 assurrexisse
915 758 997 826 adeo
1019 757 1206 851 indignatus
1230 761 1286 846 sit,
1306 773 1343 828 ut
1366 787 1442 855 pro·

421 873 609 944 clamaverit
626 879 798 968 :aRepete
820 901 899 970 ergo
922 901 942 944 a
962 901 1028 960 me,
1047 875 1183 969 Aquila,
1207 876 1440 970 rempublicam

422 995 618 1078 tribunum»
642 1008 675 1061 et
698 1017 758 1062 nec
785 993 944 1063 destiterit
964 1019 1022 1088 per
1047 996 1221 1064 continuos
1252 994 1321 1064 dies
1349 997 1443 1088 quid-

420 1134 520 1202 quam
531 1085 701 1204 cuiquam,
716 1114 779 1180 nisi
794 1113 856 1180 sub
874 1115 1064 1205 exceptione
1078 1111 1223 1205 polliceri
1240 1140 1248 1181 ε
1267 1116 1315 1182 esi
1334 1129 1442 1184 umen

420 1253 479 1323 per
492 1230 649 1298 Pontium
664 1230 815 1323 Aquilam
834 1230 971 1303 licuerit.
986 1261 1002 1294 s

468 1350 620 1417 LXXIX.
640 1348 767 1442 Adjecit
794 1348 836 1417 ad
862 1365 929 1418 tam
957 1351 1117 1443 insignem
1144 1351 1285 1444 despecti
1313 1367 1442 1421 senatus

419 1467 652 1536 contumeliam
662 1466 767 1535 multo
775 1470 983 1562 arrogantius
996 1469 1128 1538 factum.
1140 1473 1227 1540 Nam
1238 1495 1341 1563 quum
1350 1473 1443 1539 sacri·

419 1585 493 1654 ticio
512 1584 688 1657 latinarum
706 1601 888 1655 revertente
905 1611 962 1674 eo,
980 1589 1065 1656 inter
1083 1587 1271 1657 unmodicas
1288 1613 1325 1656 ac
1343 1614 1442 1656 novas

419 1705 534 1800 populi
551 1704 815 1792 acclamationes,
834 1705 968 1798 quidam
986 1731 1004 1773 e
1021 1708 1119 1774 turba
1138 1721 1252 1775 statuae
1263 1709 1332 1800 ejus
1348 1733 1442 1774 coro-

419 1850 496 1894 nam
515 1824 659 1894 lauream
678 1823 816 1894 candida
833 1824 931 1893 fascia
951 1817 1150 1918 praeligatum
1172 1827 1392 1919 imposuisset,
1412 1843 1443 1894 et

419 1945 545 2012 tribuni
565 1943 667 2036 plebis
686 1943 821 2036 Epidius
839 1942 1002 2012 Marullus
1019 1944 1240 2036 Caesetiusque
1255 1943 1374 2014 Flavus
1392 1969 1443 2012 co-

418 2087 508 2132 rona
524 2063 657 2132 fasciam
675 2063 818 2148 detrahi,
838 2063 1067 2155 hominemque
1086 2062 1162 2130 duci
1180 2065 1214 2130 in
1233 2062 1363 2132 vincula
1372 2066 1443 2156 jus-

419 2185 549 2269 sissent3
572 2181 687 2250 dolens
708 2205 764 2249 seu
784 2205 901 2274 parum
922 2205 1079 2275 prospere
1097 2195 1219 2250 mcum
1237 2183 1329 2276 regni
1348 2207 1443 2250 men-

420 2305 559 2390 tionem,
583 2303 667 2388 sive,
692 2316 729 2370 ut
753 2300 891 2390 ferebat,
913 2316 1060 2395 ereptam
1091 2304 1152 2370 sibi
1180 2301 1318 2396 gloriam
1350 2328 1444 2370 rccu-

419 2423 533 2509 sandi,
555 2423 706 2491 tribunos
730 2425 874 2516 graviter
893 2424 1069 2516 increpitos
1093 2437 1253 2518 potestate
1276 2425 1443 2516 privavit:

420 2567 527 2636 neque
542 2567 582 2611 ex
598 2567 637 2610 eo
656 2543 822 2612 infamiam
840 2542 982 2612 affectati
1001 2545 1099 2611 etiam
1123 2545 1202 2636 regii
1227 2544 1368 2610 nominis
1395 2541 1447 2608 di-

420 2678 547 2732 scutere
576 2662 693 2749 valuit,
715 2687 905 2755 quanquam
922 2678 955 2730 et
977 2662 1064 2755 plebi
1087 2688 1196 2756 regem
1216 2688 1250 2730 se
1269 2661 1447 2746 salutanti,

419 2787 600 2852 «aaaron
617 2809 667 2872 se,
678 2809 745 2852 non
761 2807 870 2876 regern
888 2807 995 2869 essc,»
1006 2783 1226 2876 responderit3
1243 2798 1276 2852 et
1295 2781 1450 2876 luperca·

420 2903 519 2989 libus,
528 2929 590 2997 pro
600 2905 714 2971 rostris
728 2929 748 2970 a
765 2903 898 2971 consule
912 2905 1057 2973 Antonio
1074 2903 1244 2973 admotum
1258 2905 1376 2996 saepius
1391 2927 1449 2972 ca·

419 3025 480 3116 piti
508 3048 568 3090 suo
597 3022 746 3090 diadema
774 3022 947 3115 repulerit,
966 3040 1065 3115 atque
1092 3025 1125 3092 in
1151 3021 1352 3117 Capitolium
1374 3025 1451 3091 iovi

420 3143 557 3236 Optimo
575 3144 722 3210 Maximo
741 3144 874 3212 miserit.
899 3145 991 3233 Quin
1013 3146 1111 3212 etiam
1132 3142 1238 3211 valida
1266 3143 1351 3211 fama
1372 3167 1452 3234 per-

420 3263 566 3348 crebuit,
585 3264 803 3355 migraturum
823 3263 1054 3332 Alexandriam
1076 3262 1126 3329 vel
1146 3261 1258 3344 llium,
1282 3260 1455 3328 translatis

367 3361 380 3430 ,¹
419 3381 517 3450 simul
534 3382 653 3476 opibus
670 3383 814 3475 imperii,
835 3383 1057 3474 exhaustaque
1082 3379 1176 3449 Italia
1201 3379 1401 3466 delectibus,
1422 3395 1455 3446 et

420 3504 653 3596 procuratione
671 3503 762 3570 urbis
776 3503 888 3569 amicis
910 3503 1064 3594 permissa
1083 3527 1090 3568 :
1107 3502 1257 3594 proximo
1274 3513 1389 3568 autem
1406 3523 1458 3566 se·

420 3637 516 3705 natu,
530 3626 568 3692 L.
589 3625 721 3692 Cottam
736 3619 1032 3714 quindecimvirum
1049 3622 1244 3689 senteutiam
1263 3620 1459 3704 dicturum,

421 3757 477 3826 ut,
496 3742 653 3834 quoniam
670 3740 762 3808 libris
784 3738 936 3808 fatalibus
954 3741 1194 3824 contineretur,
1218 3739 1358 3808 Parthos
1391 3741 1460 3806 nisi

420 3885 438 3927 a
457 3884 532 3953 rege
551 3885 617 3928 non
637 3885 731 3954 posse
747 3861 849 3947 vinci,
867 3862 977 3928 Caesar
995 3885 1052 3927 rex
1070 3858 1300 3952 appellaretur.

467 3985 605 4050 LXXX.
626 3985 712 4070 Quae
728 4005 825 4048 causa
849 3983 1028 4074 conjuratis
1053 3980 1241 4048 maturandi
1264 3980 1324 4048 luit
1349 3981 1464 4048 desti-

422 4115 496 4168 nata
515 4103 658 4193 negotia,
680 4124 720 4166 ne
738 4101 888 4168 assentiri
909 4125 1038 4168 necesse
1056 4114 1149 4167 esset.
1168 4098 1313 4168 Consilia
1332 4101 1466 4192 igitur,
