3114 5446
444 489 500 546 aab
847 487 876 540 G.
897 487 1070 542 SUETONll

444 615 483 682 dc
509 614 675 681 fabrorum
703 634 834 703 quoque
859 633 895 676 ac
925 609 1165 688 ministrorum,
1191 623 1289 700 atque
1313 605 1345 674 id
1368 631 1469 700 genus

446 757 599 811 numero,
614 734 641 798 si
660 743 883 810 automatum,
909 728 958 796 vel
974 751 1106 822 pegma,
1126 727 1175 796 rel
1194 727 1274 820 quid
1294 726 1360 796 tale
1379 727 1468 796 aliud

443 876 560 945 parum
581 851 735 918 cessisset.
755 846 890 917 Induxit
911 861 944 915 et
964 871 1065 914 unum
1087 871 1125 914 ex
1148 845 1469 916 nomenculatoribus

443 973 523 1056 suis,
541 969 626 1038 sicut
637 982 707 1036 erat
723 983 864 1061 togatus.

488 1091 630 1158 XXXV.
659 1087 723 1157 Sed
747 1085 829 1160 nibil
855 1111 947 1180 reque
974 1111 1071 1180 quam
1097 1086 1231 1154 timidus
1254 1110 1293 1154 ac
1316 1083 1470 1154 diffidens

444 1207 516 1276 luit.
547 1208 665 1276 Primis
694 1207 822 1299 imperii
850 1205 981 1292 diebus,
1006 1229 1221 1298 quamquam,
1246 1219 1283 1272 ut
1306 1203 1469 1290 diximus,

437 1326 581 1419 jactator
597 1324 782 1411 civilitatis,
807 1347 913 1418 neque
933 1325 1084 1394 convivia
1102 1325 1185 1392 inire
1201 1347 1300 1392 ausus
1317 1337 1383 1410 est,
1407 1326 1469 1392 nisi

441 1459 478 1512 ut
502 1443 723 1538 speculatores
744 1467 820 1520 cum
848 1440 969 1512 lanceis
990 1443 1254 1526 circumstarent,
1282 1441 1470 1535 militesque

441 1565 511 1632 vice
525 1564 751 1632 ministrorum
766 1561 996 1656 fungerentur:
1014 1586 1121 1654 neque
1130 1585 1254 1656 aegrum
1267 1585 1468 1658 quemquam

440 1682 599 1768 visitavit,
626 1683 687 1751 nisi
714 1679 882 1774 explorato
910 1682 1002 1774 prius
1027 1677 1196 1764 cubiculo,
1221 1677 1417 1774 culcitisque
1438 1696 1472 1748 et

439 1799 593 1894 stragulis
612 1800 811 1894 praetentatis
825 1813 858 1869 et
872 1801 1014 1870 excussis
1029 1825 1037 1867 ε
1055 1796 1183 1892 reliquo
1197 1813 1306 1867 autem
1321 1813 1471 1893 tempore

440 1917 674 1986 salutatoribus
699 1933 898 1988 scrutatores
925 1941 1052 2011 semper
1081 1919 1248 2010 apposuit,
1280 1917 1471 2009 etquidem

440 2037 610 2120 omnibus,
629 2051 662 2104 et
677 2039 912 2106 acerbissimos.
933 2039 1014 2104 Sero
1031 2036 1119 2104 enirn
1137 2059 1175 2104 ac
1193 2035 1248 2103 vix
1267 2037 1411 2122 remisit,
1430 2061 1473 2104 ne

441 2154 569 2224 feminae
586 2155 834 2248 pretextatique
860 2155 953 2248 pueri
980 2167 1013 2224 et
1034 2151 1150 2247 puellae
1170 2169 1472 2238 contrectarentur,

440 2289 474 2342 et
491 2299 533 2343 ne
547 2274 641 2366 cujus
651 2275 763 2342 comiti
781 2288 839 2342 aut
853 2272 987 2342 librario
1005 2271 1185 2342 calamariae
1202 2289 1259 2342 aut
1274 2274 1475 2368 graphiariae

440 2393 542 2461 thecae
559 2391 792 2460 adimerentur.
818 2395 916 2462 Motu
942 2390 1047 2480 civili,
1074 2417 1177 2484 quum
1196 2415 1270 2460 eum
1290 2393 1474 2478 Camillus,

394 2561 401 2568 -
440 2537 507 2580 non
524 2511 678 2580 dubitans
691 2512 788 2580 etiam
804 2513 892 2578 circa
907 2509 1030 2579 bellum
1043 2533 1138 2604 posse
1155 2511 1285 2596 terreri,
1297 2525 1475 2580 contume-

438 2629 520 2698 liosa
542 2643 575 2698 et
606 2631 724 2697 minaci
755 2646 788 2700 et
817 2631 1002 2698 contumaci
1026 2627 1164 2722 epistola
1189 2629 1304 2698 cedere
1329 2631 1476 2724 imperio

436 2749 582 2842 juberet,
602 2750 770 2841 vitamque
789 2749 927 2816 otiosam
948 2749 981 2816 in
1001 2749 1130 2841 privata
1147 2773 1184 2818 re
1201 2773 1316 2844 agere3
1336 2749 1478 2818 dubita-

439 2869 501 2955 vit,
520 2867 675 2936 adhibitis
693 2865 899 2961 principibus
920 2868 1014 2954 viris,
1036 2891 1078 2936 an
1096 2869 1344 2962 obtemperaret

487 2989 644 3056 XXXVI.
665 2985 834 3073 Quasdam
854 2985 987 3055 insidias
1005 3001 1126 3055 temere
1142 2985 1265 3055 delatas
1277 2987 1359 3056 adeo
1374 3013 1481 3082 expa-

441 3106 502 3191 vit,
519 3119 557 3174 ut
569 3104 734 3199 deponere
746 3106 921 3200 imperium
936 3107 1119 3174 tentaverit.
1134 3106 1299 3193 Quodam,
1317 3121 1354 3175 ut
1369 3133 1482 3201 supra

439 3221 552 3310 retuli,
581 3249 657 3292 cum
692 3223 778 3293 ferro
805 3226 892 3294 circa
918 3224 1154 3293 sacrificantem
1181 3249 1214 3294 se
1242 3224 1485 3318 deprehenso,

440 3357 588 3414 senatum
608 3370 666 3440 per
680 3369 844 3438 praecones
863 3367 1003 3438 propere
1021 3345 1229 3430 convocavit,
1249 3343 1486 3441 lacrymisque

439 3477 472 3532 et
496 3463 729 3532 vociferatione
754 3465 930 3532 miseratus
960 3478 1009 3532 est
1033 3463 1253 3533 conditionem
1280 3489 1390 3550 suam,
1421 3469 1489 3536 eui

439 3581 521 3651 nibil
541 3585 604 3652 tuti
622 3607 761 3675 usquam
778 3597 880 3666 esset;
903 3607 941 3650 ac
960 3583 1015 3652 diu
1033 3581 1167 3675 publico
1183 3583 1351 3652 abstinuit.
1381 3587 1493 3656 Mes·

438 3699 549 3771 salinae
568 3726 701 3797 quoque
720 3727 865 3771 amorem
884 3701 1187 3796 flagrantissimum,
1209 3727 1275 3772 non
1294 3717 1363 3772 tam
1382 3705 1491 3774 indi-

439 3823 564 3915 gnitate
590 3822 885 3910 contumeliarum,
910 3847 1009 3915 quam
1039 3821 1176 3915 periculi
1200 3837 1307 3906 metu,
1326 3823 1494 3917 abjecit,

439 3965 543 4034 quum
564 3941 714 4010 adultero
730 3941 810 4010 Silio
830 3943 956 4035 acquiri
975 3943 1148 4037 imperium
1166 3941 1380 4011 credidisset:
1405 3971 1496 4038 quo

440 4075 587 4156 tempore
604 4060 725 4129 fredum
744 4061 778 4128 in
798 4062 933 4130 modum
954 4061 1098 4156 trepidus
1117 4061 1158 4130 ad
1177 4075 1281 4129 castra
1300 4061 1498 4158 confugit,
