3108 5434
441 445 476 514 flt
841 447 871 507 α
894 451 1065 512 sueroun

441 572 651 672 emeritorum
666 575 874 666 praemiorum
893 582 1124 647 exauctoravit.
1145 581 1322 668 Cohortes,
1341 583 1366 648 si
1384 605 1446 674 que

440 693 607 761 cessissent
622 691 710 780 loeo,
726 693 901 764 decimatas
918 697 1042 766 horsleo
1058 700 1157 792 pavit.
1168 701 1382 770 Centuriones
1394 714 1448 768 stu·

442 811 529 880 tione
545 810 672 880 deserta
696 812 826 899 itidem,
844 829 882 882 ut
904 816 1141 910 manipulares,
1157 817 1289 912 capitali
1310 817 1446 886 animad-

440 929 587 998 versione
616 931 724 1024 puniit
743 956 751 999 :
773 955 836 1026 pro
850 939 970 1002 'cetero
998 935 1193 1006 delictorum
1219 959 1336 1030 genere
1361 937 1448 1002 variis

440 1049 626 1141 ignominiis
643 1048 769 1133 alleeit;
785 1065 824 1118 ut
842 1065 928 1120 stare
943 1075 1002 1146 per
1019 1067 1127 1122 totum
1143 1053 1228 1122 diem
1241 1054 1370 1146 juberet
1384 1067 1452 1120 ante

439 1168 647 1261 praetorium,
664 1167 829 1236 interdum
848 1170 1012 1238 tunicatos
1029 1170 1287 1264 discinctosque,
1305 1195 1449 1239 nonnun-

438 1310 537 1378 quam
562 1309 638 1354 cunt
661 1284 885 1379 decempedis,
904 1286 952 1355 vel
978 1289 1076 1357 etiam
1099 1291 1252 1382 cespitem
1280 1301 1450 1382 portantes.

484 1408 590 1475 XXV.
609 1405 725 1498 Neque
740 1418 816 1498 post
834 1403 920 1474 bella
944 1405 1052 1475 civilia
1073 1422 1132 1476 aut
1158 1409 1191 1474 in
1213 1401 1384 1490 concione,
1401 1419 1452 1473 aut

397 1555 399 1560 ¹
438 1550 496 1618 per
521 1525 681 1610 edictum,
710 1522 795 1594 ullos
822 1523 963 1594 militum
998 1526 1235 1596 commilitones
1260 1523 1452 1620 appellabat,

437 1645 493 1714 sed
510 1644 654 1714 milites:
675 1669 713 1712 ac
736 1667 817 1712 nea
840 1641 920 1712 liliis·
933 1643 1085 1736 quidem,
1111 1658 1168 1714 eut
1195 1645 1354 1739 privignis
1374 1644 1454 1724 suis,

438 1765 575 1856 imperio
593 1761 756 1856 praeditis,
777 1760 873 1830 aliter
886 1761 1044 1855 appellari
1057 1786 1171 1856 passus
1182 1777 1246 1848 eat;
1259 1762 1455 1830 ambitiosius

438 1882 471 1950 id
487 1883 695 1965 existimans,
714 1905 813 1973 quam
830 1895 888 1948 aut
903 1883 989 1950 ratio
1008 1879 1170 1965 militaris,
1189 1895 1247 1950 eut
1274 1895 1456 1976 temporum

438 2001 553 2094 quies,
572 2019 706 2068 aut·sua
723 1999 906 2092 domusque
925 2023 992 2068 suae
1010 1999 1161 2092 majestas
1184 1997 1376 2093 postularet.
1404 1997 1458 2066 Li-

437 2120 567 2188 bertino
587 2117 705 2206 milite,
726 2131 945 2211 preterquam
970 2123 1082 2188 Rome
1105 2117 1330 2186 incendiorum
1348 2137 1457 2196 causa,

437 2253 470 2308 et
485 2240 512 2306 si
531 2235 693 2306 tumultus
710 2238 744 2304 in
760 2237 910 2331 graviore
929 2259 1061 2304 annom
1080 2249 1294 2322 metueretur,
1310 2233 1362 2302 bis
1383 2257 1458 2302 usus

437 2371 487 2427 est
507 2354 628 2426 :semel
644 2343 890 2450 ad‘presidium
909 2354 1114 2425 coloniarum
1136 2354 1302 2448 Illyricum
1329 2353 1459 2422 contin·

438 2475 602 2572 gentium
621 2473 800 2544 iterumad
816 2471 955 2542 tutelam
972 2475 1052 2568 ripse
1073 2474 1183 2544 Rheni
1202 2471 1371 2542 fluminis:
1390 2495 1460 2540 eos·

437 2621 500 2692 que
516 2619 626 2666 servos
643 2595 751 2664 adhuc
762 2595 841 2663 viris
859 2593 1053 2687 feminisque
1066 2593 1348 2687 pecuniosioribus
1362 2591 1463 2660 indie

436 2732 501 2804 tos,
522 2739 561 2785 ac
587 2717 657 2784 sine
683 2737 775 2782 mora
795 2714 1028 2802 manumissos,
1054 2713 1240 2807 subpriore
1263 2711 1386 2782 vexillo
1405 2711 1463 2778 hu-

434 2837 526 2918 buit,
544 2855 650 2926 neque
674 2848 732 2901 eut
755 2833 949 2902 commixtos
976 2857 1052 2902 cum
1074 2831 1241 2926 ingenuis,
1261 2845 1320 2900 aut
1347 2829 1464 2899 eodem

435 2955 534 3024 modo
549 2967 704 3023 armatos.
724 2955 819 3020 Dona
843 2948 1015 3038 militaria,
1041 2949 1210 3044 aliquanto
1233 2949 1363 3018 facilius
1384 2947 1467 3042 phe·

435 3072 519 3142 leras
542 3087 575 3142 et
596 3089 746 3166 torques,
771 3070 933 3166 quidquid
954 3093 1035 3138 auro
1059 3083 1260 3164 argentoque
1277 3081 1466 3148 constaret,

435 3217 534 3284 quam
555 3191 692 3261 vallares
710 3217 748 3259 ac
767 3189 908 3258 murales
929 3213 1083 3278 corones,
1097 3213 1168 3282 quae
1183 3189 1308 3256 honore
1324 3185 1469 3281 praecel-

436 3308 557 3396 lerent,
571 3309 670 3380 dabat
689 3336 697 3378 :
717 3311 776 3378 has
793 3333 893 3402 quam
912 3308 1119 3402 parcissime,
1132 3322 1166 3376 et
1181 3309 1251 3376 sine
1266 3307 1470 3391 ambitione,

435 3453 473 3498 ac
489 3453 572 3524 saepe
587 3431 686 3498 etiam
703 3427 868 3524 caligatis,
883 3425 1008 3494 tribuit.
1028 3428 1076 3494 Μ.
1097 3427 1275 3520 Agrippam
1292 3427 1327 3492 in
1350 3422 1471 3493 Sicilia

434 3564 508 3644 post
526 3537 674 3618 namlem
694 3550 867 3618 victoriam
891 3545 1031 3616 caeruleo
1056 3543 1174 3614 vexillo
1199 3543 1348 3612 donavit.
1370 3541 1473 3616 solos

433 3667 665 3762 triumphales,
695 3690 895 3761 quemquam
927 3679 960 3734 et
988 3665 1092 3733 socios
1130 3663 1405 3756 expeditionum,
1440 3677 1474 3729 et

435 3789 607 3882 participes
628 3788 841 3856 victoriarum
857 3809 1012 3870 suarum,
1029 3805 1199 3876 nunquam
1218 3781 1311 3850 donis
1338 3784 1475 3875 imper·

434 3903 562 3974 tiendos
584 3907 727 4000 putavit;
749 3905 839 3998 quod
864 3907 925 3997 ipsi
954 3925 1084 3996 quoque
1102 3903 1156 3995 jus
1184 3901 1386 3970 habuissent
1411 3903 1476 3970 tri-

435 4023 556 4094 buendi
572 4049 630 4114 en,
650 4026 768 4117 quibus
784 4022 914 4092 vellent.
934 4020 1024 4092 Nihil
1052 4035 1160 4090 autem
1190 4021 1298 4088 minus
1322 4021 1363 4086 in
1392 4045 1477 4113 per-
