3168 5440
439 489 479 544 ΙΝ
501 489 530 544 C.
552 490 576 543 J.
599 489 793 545 CAESAREM.
1091 492 1145 557 143

110 604 212 660 indicat
229 605 275 660 lex
293 605 393 660 Numae
411 603 543 677 Pompilii
553 604 626 680 regis
635 605 678 660 bis
690 615 828 678 concepta
843 604 936 660 verbis
951 604 1062 678 :siquis
1074 607 1146 660 lise.

7 765 10 772 μ
110 717 164 751 rum
178 696 319 752 hominem
333 699 419 752 morti
428 698 504 762 duit,
519 699 667 770 parracida
677 707 745 752 esto.
759 721 771 746 r

147 791 185 844 Ut
202 790 300 846 Cicero
314 790 416 844 scribit.
432 790 498 846 Herc
514 787 621 844 Wolfio
635 799 663 844 et
684 789 744 845 aliis
762 799 890 862 suspecta
905 788 1046 845 videntur.

144 882 283 954 Reliquos.
299 881 337 938 Hi
349 900 408 936 non
422 891 503 950 sunt,
520 891 655 936 monente
673 882 714 936 Cl.
725 882 814 950 Hase,
833 899 906 954 quos
919 883 1051 936 Torrent.
1065 891 1148 954 putat

109 973 154 1046 qui
171 989 231 1028 non
245 971 399 1056 ¹occidendi
416 972 525 1041 animo,
540 982 633 1028 tamen
650 973 832 1042 occiderant3
849 973 899 1028 sed
916 971 1033 1028 omnino
1050 981 1147 1028 omnes

108 1065 154 1138 qui
169 1065 278 1122 lacinus
291 1083 341 1122 seu
357 1065 433 1135 vim,
447 1065 497 1121 sed
510 1065 570 1120 sine
588 1083 676 1135 nece,
692 1083 759 1140 erga
774 1064 864 1120 civem
876 1075 1082 1138 patraverant·
1104 1091 1108 1100 ¹

144 1159 211 1212 Cer.
226 1158 333 1216 XLIII,
348 1157 456 1214 Probri.
473 1158 508 1214 ll.
528 1175 551 1214 e.
568 1156 710 1212 adulterii.

143 1250 282 1305 Portoria.
294 1248 458 1306 Portorium
471 1259 513 1304 est
526 1247 646 1324 vectigal
661 1264 717 1322 pro
730 1248 872 1304 mercibus
882 1266 919 1304 ex·
933 1249 1091 1324 peregrinis
1099 1267 1147 1304 re-

106 1341 238 1415 gionibus
253 1341 283 1396 in
302 1352 413 1397 nostras
430 1340 598 1414 importatis.
839 1407 845 1414 1

143 1435 211 1488 Nisi
222 1435 302 1488 cerus
314 1435 448 1508 personis
465 1444 494 1487 et
501 1433 643 1488 ortalibus.
653 1434 689 1488 ll.
704 1451 728 1490 e.
740 1431 850 1488 leminis
863 1433 981 1489 maritos
993 1445 1022 1489 et
1039 1434 1145 1490 liberos

104 1525 291 1596 habentibus,
309 1537 337 1582 et
355 1545 418 1600 quae
432 1525 613 1582 excessissent
625 1524 715 1582 astatis
732 1543 838 1581 annum
857 1524 902 1581 ⁵5.

119 1635 120 1638 ’
144 1619 212 1674 Cae.
226 1620 331 1675 XLIV.
353 1618 508 1674 Publicare.
528 1619 563 1674 Η.
579 1636 603 1673 e.
618 1616 733 1691 publice
751 1617 871 1674 utendas
884 1618 960 1674 dure.

146 1711 189 1764 M.
215 1711 343 1766 Varroni.
353 1709 440 1780 Ptin,
457 1711 528 1764 Hirt.
545 1721 622 1778 nat,
641 1728 702 1778 vu,
717 1709 752 1765 31
774 1729 781 1763 :
798 1711 862 1764 «Μ.
881 1711 1019 1766 Varronis
1047 1710 1077 1764 in
1099 1710 1147 1766 bi-

104 1801 260 1872 bliotheca,
271 1821 333 1876 quae
346 1801 438 1875 prima
453 1801 483 1856 in
496 1801 567 1858 orbe
581 1802 618 1856 ab
631 1801 731 1856 Asinio
744 1800 873 1858 Pollione
889 1819 924 1858 ex
940 1801 1082 1858 manubiis
1089 1820 1147 1875 pu-

103 1893 206 1949 blicata
223 1895 321 1950 Romae
337 1903 392 1963 est,
407 1893 491 1949 unius
508 1891 628 1949 viventis
641 1892 735 1966 posita
750 1892 845 1968 imago
859 1905 901 1950 est
919 1914 925 1948 :
944 1888 1028 1950 haud*
1036 1894 1147 1950 minore

103 1987 156 2060 (ut
170 1985 305 2060 equidem
321 1985 402 2060 reor)
415 1985 525 2061 gloria,
538 1984 799 2059 principe‚oratore
814 1995 843 2040 et
855 1985 934 2055 cive,
949 1991 985 2041 e'x
998 1987 1046 2042 illa
1063 1986 1146 2062 inge-

103 2078 237 2148 niorum,
252 2097 315 2152 quse
334 2089 402 2134 tunc
421 2078 492 2144 luit,
510 2076 708 2146 mrdtitudine,
729 2076 779 2134 uni
796 2077 869 2133 burc
886 2091 1023 2133 coronam
1044 2077 1147 2148 dante,

103 2189 191 2242 quam
208 2189 299 2244 quum
316 2169 408 2226 eidem
422 2172 544 2246 Magnus
561 2166 714 2242 Pompeius
730 2167 852 2242 piratim
872 2188 907 2228 ex
925 2170 1147 2227 bellonamlem

103 2262 190 2318 dedit.
204 2287 217 2312 s
630 2269 632 2274 ’

145 2357 282 2409 Fucinum
299 2356 400 2408 ἱασιωι.
421 2355 470 2410 Est
485 2353 516 2408 in
532 2353 642 2410 Marsis.
661 2352 760 2429 Virg„
781 2351 894 2411 AEneid.
904 2395 913 2422 ,
932 2373 992 2426 ru,
1015 2352 1071 2426 758
1089 2375 1095 2408 :

209 2528 302 2542 .....
317 2495 346 2541 Et
360 2491 447 2540 Marsis
456 2490 559 2557 quesite
567 2491 594 2540 in
603 2473 723 2540 montibus
735 2473 831 2552 herbe}

208 2580 244 2624 Te
257 2591 340 2625 nemus
354 2575 487 2640 Anguitire,
500 2575 574 2624 vitree
587 2584 611 2624 te
624 2574 815 2634 midumonds,

208 2663 244 2708 Te
255 2657 342 2726 liquidi
356 2657 442 2708 llorere
455 2659 524 2708 lamis.

142 2789 266 2845 Munire.
280 2792 315 2846 Η.
327 2809 350 2845 e.
361 2789 505 2864 lapidibus
520 2799 661 2858 sternere,
679 2799 712 2844 ut
726 2787 783 2846 eie.
798 2807 853 2862 pm
867 2789 947 2852 Mil,
967 2807 1028 2842 vn:
1047 2813 1059 2838 ι
1077 2792 1146 2844 Per-

102 2882 171 2938 inde
190 2881 272 2956 quasi
290 2881 401 2956 Appius
417 2881 463 2936 ille
479 2883 575 2938 Caecus
591 2880 665 2936 viam
682 2867 837 2951 munierit,
857 2899 917 2936 non
941 2898 999 2954 qua
1024 2882 1147 2956 populus

102 2985 267 3030 uteretur.»

142 3065 306 3140 Persodere.
326 3065 400 3122 Vide
414 3067 511 3135 Pure,
531 3065 602 3120 Hist.
623 3076 697 3132 nan,
720 3083 766 3135 nr,
785 3062 810 3118 5.

143 3161 298 3233 Expertes.
307 3157 434 3228 Passive,
449 3155 467 3211 i.
478 3175 502 3212 e.
516 3167 670 3232 postquam
683 3155 779 3231 parvis
791 3155 899 3230 proeliis
918 3156 1092 3231 periclitatus
1108 3175 1149 3212 es-

101 3263 143 3307 set
159 3270 222 3326 quo
240 3269 343 3326 genere
356 3249 424 3306 belli
442 3249 573 3305 facillime
582 3247 692 3322 possint
708 3247 792 3322 vinci.
930 3315 935 3322 Ι

142 3346 211 3400 Cae.
241 3344 329 3399 XLV.
352 3342 499 3418 Comitiali
511 3360 620 3420 quoque
634 3342 737 3396 morbo.
757 3342 793 3398 ll.
813 3359 836 3396 e.
856 3340 998 3414 epilepsia.
1019 3341 1077 3395 Cur
1098 3359 1148 3395 co-

100 3437 219 3490 mitialis
236 3433 397 3489 nominatus
410 3433 512 3504 suerit,
527 3433 612 3489 docet
630 3435 665 3502 Q.
684 3434 807 3488 Serenus
826 3451 833 3486 :

209 3573 332 3623 Estmbiti
343 3572 433 3639 speeies
445 3572 540 3632 morbi,
551 3571 590 3622 cui
604 3587 692 3622 nomen
705 3572 737 3622 eb
747 3571 788 3621 illo
800 3579 850 3632 est,

209 3657 281 3720 Quod
292 3657 351 3707 ierri
364 3657 433 3706 nobis
443 3655 557 3720 suffragia
566 3657 630 3722 justa
639 3665 748 3714 remset3

211 3745 279 3807 Saepe
290 3739 379 3792 etenim
389 3739 502 3813 membris
513 3739 563 3789 eui
572 3739 685 3805 languore
694 3738 789 3788 caducis
806 3788 810 3799 ,

210 3824 345 3876 Concilium
360 3807 441 3890 populi
453 3823 518 3872 labes
526 3822 647 3872 bon-ende
656 3821 760 3872 diremit.

148 3955 356 4029 Campensem.
375 3957 449 4010 Test.
463 3955 621 4022 Plutarch„
637 3953 779 4010 Cordubae
793 3963 821 4008 et
834 3951 871 4008 ad
885 3953 1036 4026 Thapsum.
1089 4003 1092 4010 .

149 4051 220 4104 lato
233 4051 341 4104 clavo...
352 4047 510 4120 fimbriato.
530 4047 565 4102 ll.
584 4065 607 4101 e.
624 4047 720 4101 tunica
733 4044 873 4101 laticlavia
892 4044 1013 4100 manicas
1027 4045 1064 4101 ad
1084 4063 1147 4102 ma-

98 4159 160 4194 nus
175 4159 265 4214 usque
283 4141 406 4196 habente
417 4158 521 4213 easque
535 4137 654 4194 fimbriis
672 4147 785 4193 ornatas
805 4159 811 4189 :
828 4147 925 4191 contra
940 4136 1066 4193 omnium
1080 4147 1147 4193 tnnc
