3168 5440
423 562 478 600 roo
829 541 859 596 G
877 539 1056 600 suevonn

418 667 629 756 concessisti,
647 681 703 754 ut,
720 667 754 734 in
768 691 867 759 quem
882 664 999 748 vellet,
1016 666 1140 733 diceret
1156 691 1163 732 :
1181 661 1305 732 salsum
1323 665 1453 732 omnino

417 762 609 868 hominem!
634 785 689 856 sed
711 789 850 865 materia
877 785 997 871 facilis,
1018 787 1052 853 in
1073 801 1105 854 te
1128 799 1161 854 et
1184 785 1217 852 in
1243 799 1319 853 tuos
1338 784 1454 854 dicere.
1571 802 1573 837 2

336 907 341 918 '
418 913 464 978 At
482 923 607 1002 quanta
623 931 749 976 merces
766 907 890 974 rbetnri
909 920 959 974 est
978 903 1079 974 data?
1096 903 1237 990 Audite,
1256 903 1387 990 audite,
1399 930 1457 998 pa·

419 1045 485 1100 tres
512 1029 712 1122 conscripti,
733 1043 767 1096 et
790 1027 981 1122 cognoscite
1001 1023 1192 1119 reipublicae
1212 1023 1361 1094 vulnera.
1380 1027 1457 1094 Dno

1572 714 1574 775 l

417 1148 521 1220 millia
539 1149 694 1244 jugerum
711 1150 819 1242 campi
839 1145 976 1215 leontini
1003 1148 1104 1214 Sexto
1123 1143 1243 1215 Clodio
1265 1145 1391 1215 rlr'etori
1410 1171 1458 1214 as·
1571 1203 1572 1230 ,

416 1269 576 1366 signasti,
603 1268 789 1362 etquidem
818 1267 978 1336 immunia
1003 1293 1011 1333 :
1032 1281 1070 1336 nt
1096 1280 1188 1335 tanta
1208 1265 1357 1336 mercede
1375 1265 1458 1335 nihil

416 1415 530 1484 sapere
549 1389 731 1460 disceres.»

464 1513 523 1580 VI.
542 1513 580 1580 C.
598 1508 755 1580 Albutius
769 1509 876 1596 Silus,
895 1510 1118 1596 Novariensis,
1132 1533 1237 1603 quum
1253 1507 1410 1579 aedilitate
1425 1510 1455 1577 in

416 1632 523 1725 patria
538 1629 745 1725 fungeretur,
762 1655 867 1724 quum
887 1630 972 1699 torte
982 1631 1038 1724 jus
1054 1629 1193 1716 diceret,
1208 1630 1250 1700 ab
1270 1631 1325 1718 iis,
1341 1645 1457 1699 contra

415 1775 501 1844 qnos
526 1751 789 1844 pronunciabat,
810 1749 970 1846 pedibus,
995 1775 1014 1818 e
1031 1747 1191 1819 tribunali
1209 1748 1379 1831 detractus
1398 1763 1454 1818 est

415 1870 518 1958 Quod
543 1869 678 1966 indigne
703 1870 833 1959 ferens,
861 1872 971 1939 statim
993 1869 1165 1940 contendit
1188 1868 1231 1938 ad
1250 1884 1403 1964 portam,
1426 1883 1457 1938 et
1576 1895 1577 1950 1

415 1990 492 2060 inde
511 1995 654 2060 Romam
672 2016 680 2059 τ
699 2005 919 2086 receptusque
937 1992 970 2059 in
988 1990 1100 2060 Planci
1118 1991 1260 2058 oratoris
1279 1990 1456 2059 contuber·
1576 2039 1577 2042 ,

415 2111 526 2196 nium,
543 2111 597 2179 eui
615 2107 842 2180 declamaturo
856 2136 928 2180 mos
942 2125 1012 2180 erat
1025 2112 1116 2204 prius
1132 2107 1293 2204 aliquem,
1305 2113 1364 2203 qni
1382 2124 1456 2178 ante

415 2229 558 2318 diceret,
576 2231 734 2317 excitare,
752 2232 895 2324 suscepit
908 2255 963 2300 eas
978 2245 1104 2324 partes,
1117 2245 1218 2324 atque
1229 2231 1278 2315 ¹ita
1293 2227 1456 2323 implevit,

416 2367 452 2421 ut
462 2350 586 2420 Planco
601 2349 769 2420 silentium
784 2353 988 2445 imponeret,
1003 2377 1071 2420 non
1083 2351 1220 2420 audenti
1236 2354 1269 2421 in
1285 2375 1456 2446 compara·

415 2473 542 2540 tionem
556 2497 591 2540 se
605 2470 788 2541 demittere.
807 2471 873 2541 Sed
884 2497 923 2540 ex
940 2497 979 2540 eo
996 2470 1124 2559 clarus,
1141 2473 1277 2566 propria
1291 2471 1457 2540 auditoria

299 2671 304 2681 ¹
413 2593 573 2680 institnit,
589 2590 704 2682 solitus
722 2595 894 2688 proposita
907 2595 1134 2664 controversia
1156 2593 1274 2662 sedens
1291 2594 1458 2688 incipere,

413 2728 447 2782 et
463 2711 574 2782 calore
593 2712 726 2782 demum
744 2727 923 2808 provectus
937 2738 1139 2808 consurgere
1151 2739 1189 2783 nc
1206 2738 1374 2808 perorare.
1393 2717 1459 2784 De·

413 2831 577 2902 clamabat
608 2849 717 2904 autern
743 2859 861 2926 genere
886 2835 1006 2903 vario:
1034 2833 1135 2903 inodo
1160 2831 1334 2928 splendide
1354 2849 1460 2928 atque

413 2953 575 3022 adornate
597 2979 605 3020 ε
625 2967 718 3040 turn,
736 2977 778 3022 ne
799 2978 1038 3048 usquequaque
1053 2952 1271 3024 scholasticus
1290 2956 1459 3024 existima·

414 3088 523 3159 retur,
540 3074 735 3142 circumcise
754 3099 792 3142 ac
806 3073 954 3160 sordide,
969 3089 1002 3142 et
1021 3073 1254 3144 tantummodo
1269 3073 1461 3144 trivialibus

414 3194 532 3262 verbis.
552 3195 631 3288 Egit
650 3208 683 3262 et
702 3219 833 3281 causas,
849 3219 963 3266 verum
984 3197 1105 3282 rarius,
1123 3195 1202 3266 durn
1220 3191 1462 3290 amplissimam

414 3338 580 3408 quamque
603 3328 763 3401 sectatur3
780 3339 841 3384 nec
859 3314 961 3386 alium
982 3319 1015 3384 in
1035 3313 1102 3386 nlla
1120 3314 1247 3400 locum,
1264 3341 1365 3410 qnam
1386 3341 1464 3410 per·

414 3433 543 3502 orandi.
558 3437 676 3504 Postea
695 3436 906 3504 renunciavit
921 3434 1011 3520 foro,
1036 3437 1158 3529 partim
1174 3435 1319 3530 pudore,
1334 3437 1463 3530 partim

414 3569 516 3623 metu.
537 3555 624 3624 Nam
643 3579 747 3649 quum
770 3555 805 3623 in
825 3552 882 3623 lite
903 3553 1048 3648 quadam
1067 3554 1319 3642 centumvirali,
1338 3555 1466 3624 adver·

413 3675 524 3762 sario,
546 3699 647 3768 quem
669 3689 706 3744 nt
725 3676 866 3769 impium
891 3699 969 3769 erga
994 3689 1146 3769 parentes
1168 3675 1369 3762 incessebat,
1393 3676 1468 3768 jus·

411 3793 593 3889 jurandum
611 3795 705 3889 quasi
723 3821 783 3890 per
801 3794 942 3890 figuram
970 3795 1017 3865 sic
1038 3793 1239 3864 obtulisset:
1260 3825 1277 3860 a
1297 3799 1384 3864 Jnra
1408 3821 1471 3890 per

414 3917 518 4010 patris
537 3917 719 4009 matrisque
734 3917 879 4002 cineres,
900 3915 956 4009 qui
978 3913 1139 3984 inconditi
1150 3915 1262 4008 jacent
1283 3940 1291 3984 :
1309 3947 1325 3979 n
1342 3929 1383 3984 et
1399 3913 1471 3984 alia

416 4036 450 4102 in
475 4035 565 4103 hunc
583 4035 720 4105 modurn
740 4061 747 4103 :
765 4037 945 4129 arripiente
965 4059 1006 4106 eo
1023 4035 1271 4124 conditionem,
1289 4059 1350 4105 nec
1369 4035 1472 4128 judi-

415 4152 508 4222 cibus
532 4156 801 4252 aspernantibus,
822 4180 888 4224 non
908 4156 979 4226 sine
1003 4179 1122 4252 magna
1142 4157 1193 4225 sui
1212 4155 1335 4226 invidia
1359 4183 1474 4252 nego·
