3168 5440
423 527 461 581 9⁰
823 503 854 562 C.
878 503 1059 560 SUETONII

420 655 497 698 eum
521 629 695 697 honestate
721 625 917 722 praeditum,
938 644 975 697 ut
993 629 1198 724 temporibus
1217 627 1363 698 Sullanis
1384 655 1455 723 pro·

315 761 320 772 '
421 751 623 844 scriptorum
645 747 766 817 liberos
789 750 912 844 gratis,
938 765 972 820 et
992 750 1062 819 sine
1081 749 1232 818 mercede
1252 749 1338 835 ulla,
1358 752 1394 818 in
1412 750 1457 818 di·

422 869 594 964 sciplinam
616 871 788 964 receperit.

470 993 563 1062 XIV.
577 993 714 1060 Curtius
724 991 836 1060 Nicias
849 991 942 1061 haesit
951 994 1045 1062 Cneo
1055 993 1213 1086 Pompeio
1223 1006 1257 1060 et
1267 992 1352 1061 Caio
1362 994 1461 1060 Mern-

423 1113 491 1180 mio
511 1137 518 1180 :
539 1111 596 1180 sed
616 1135 722 1204 quum
743 1110 912 1182 codicillos
930 1113 1080 1181 Memmii
1098 1111 1139 1180 ad
1161 1113 1311 1206 Pompeii
1327 1137 1462 1180 uxorem

423 1231 465 1301 de
485 1247 601 1326 stupro
620 1231 821 1326 pertulisset,
837 1231 988 1326 proditus
1007 1233 1049 1302 ab
1065 1257 1124 1320 ea,
1144 1235 1337 1326 Pompeium
1358 1233 1462 1301 olleo·

423 1351 491 1437 dit,
509 1351 675 1445 domoque
698 1353 728 1420 ei
751 1351 966 1420 interdictum
985 1367 1043 1421 est.
1064 1354 1139 1420 Fuit
1158 1366 1191 1420 et
1204 1355 1310 1420 Marci
1330 1355 1465 1422 Cicero·

425 1473 476 1540 nis
506 1470 697 1557 familiaris3
717 1473 750 1540 in
771 1473 866 1565 cujus
886 1470 1025 1568 epistola
1049 1471 1093 1541 ad
1111 1469 1319 1542 Dolabellam
1338 1473 1409 1540 haec
1428 1473 1466 1541 de

424 1617 465 1661 eo
479 1590 619 1686 legimus
633 1593 825 1660 :rOmnino
839 1592 919 1660 mihi
934 1590 1051 1660 litterae
1065 1593 1170 1688 magis
1184 1606 1264 1661 sunt
1277 1591 1467 1686 expetendae
1569 1671 1570 1688 χ

403 1716 408 1724 ’
426 1737 446 1782 a
462 1725 512 1799 te,
538 1735 640 1804 quam
658 1735 678 1780 a
696 1736 749 1780 me
772 1712 842 1780 tibi.
862 1709 955 1782 Nihil
977 1713 1065 1782 enim
1085 1715 1201 1782 Romae
1220 1713 1359 1808 geritur,
1378 1712 1467 1806 quod
1569 1709 1570 1720 ³

428 1847 461 1902 te
475 1847 589 1928 putem
609 1833 693 1900 scire
709 1857 846 1920 curare,
866 1834 929 1901 nisi
945 1832 1031 1902 forte
1048 1833 1132 1902 scire
1148 1834 1217 1916 ris,
1235 1857 1289 1900 me
1306 1835 1394 1902 inter
1412 1835 1468 1903 Ni·

425 1954 510 2022 ciam
524 1967 677 2021 nostrum
692 1967 725 2021 et
739 1951 876 2022 Vidium
889 1952 1033 2046 judicem
1048 1977 1127 2021 esse.
1143 1953 1273 2020 Profert
1287 1951 1384 2039 alter,
1400 1955 1468 2046 opi·

426 2098 502 2159 nor,
528 2071 659 2142 duobus
679 2071 849 2142 versiculis
866 2097 1049 2168 expensum
1069 2074 1172 2144 Niciae
1195 2098 1202 2140 :
1223 2070 1306 2140 alter
1326 2073 1466 2141 Aristar·
1569 2071 1570 2104 ³

425 2192 507 2260 chus
528 2193 588 2260 hos
606 2189 747 2282 iCrtllsn
762 2197 833 2287 Ego
849 2205 1006 2285 tanquam
1021 2193 1154 2261 criticus
1170 2193 1328 2284 antiquus
1342 2192 1468 2283 judica-
1569 2239 1570 2284 5

425 2326 522 2381 turus
539 2337 628 2400 sum,
646 2327 759 2380 utrum
778 2315 843 2380 sint
858 2310 911 2382 τοῦ
926 2310 1067 2398 ποιητοῦ,
1083 2337 1126 2380 an
1141 2307 1466 2403 raeprpssesstnfairom
1569 2287 1570 2364 l

428 2433 513 2499 Item
534 2431 576 2500 ad
600 2433 749 2502 Atticum
769 2458 777 2500 :
799 2436 881 2503 «De
903 2434 1001 2504 Nicia
1020 2431 1110 2525 quud
1130 2434 1265 2518 scribis,
1294 2434 1321 2502 si
1346 2435 1397 2501 ita
1422 2457 1468 2500 me
1569 2441 1570 2500 l

427 2551 603 2638 haberem,
619 2567 657 2621 ut
672 2553 743 2646 ejus
757 2553 967 2623 humanitate
984 2552 1049 2620 frui
1065 2577 1208 2646 possem,
1224 2553 1258 2620 in
1275 2554 1393 2648 primis
1409 2551 1468 2620 vel-

426 2669 491 2738 lem
509 2669 603 2740 illum
620 2697 751 2741 mecum
773 2672 908 2762 habere3
927 2671 982 2741 sed
1003 2671 1085 2740 mihi
1106 2669 1251 2740 solitudo
1271 2687 1303 2744 et
1325 2697 1468 2740 recessus

428 2793 599 2885 provincia
620 2807 670 2861 est
693 2818 700 2860 :
721 2791 811 2885 quod
832 2793 910 2886 quia
926 2790 1021 2862 facile
1049 2789 1176 2863 ferebat
1195 2792 1290 2876 Sica,
1310 2817 1351 2860 eo
1369 2794 1469 2886 magis

427 2909 521 2979 illum
548 2911 710 2981 desidero.
733 2916 894 2982 Praeterea
914 2914 1001 2981 nosti
1019 2914 1121 2984 Niciae
1140 2913 1245 2980 nostri
1265 2912 1469 2981 imbecillita-

428 3045 515 3114 tem,
529 3029 717 3118 mollitiem,
732 3031 1007 3101 consuetudinem
1021 3034 1138 3101 victus.
1156 3025 1227 3102 Cur
1242 3057 1323 3127 ergo
1340 3033 1388 3100 illi
1403 3058 1471 3100 mo·

427 3149 529 3220 lestus
553 3175 624 3219 esse
651 3150 768 3240 velim,
793 3177 898 3246 quum
926 3154 1008 3220 inihi
1034 3151 1088 3221 ille
1113 3151 1285 3244 jucundus
1310 3177 1470 3221 essenon

428 3269 556 3364 possit?
574 3268 739 3340 Voluntas
760 3287 871 3342 tamen
892 3274 963 3366 ejus
981 3273 1062 3342 mihi
1083 3287 1178 3366 grata
1195 3287 1256 3341 est.
1272 3301 1290 3337 o
1307 3273 1414 3366 Hujus
1431 3271 1472 3339 de

426 3387 556 3464 Lucilio
574 3389 677 3462 libros
697 3394 796 3462 etiam
818 3394 919 3464 satira
938 3393 1143 3486 comprobat.
1264 3393 1266 3399 ’

475 3515 550 3586 XV.
573 3514 730 3596 Ienaeus,
754 3514 903 3607 Pompeii
922 3514 1038 3606 Magni
1057 3511 1212 3598 libertus,
1232 3529 1266 3582 et
1286 3539 1379 3608 prone
1398 3537 1473 3581 om-

427 3631 520 3702 nium
545 3631 794 3725 expeditionum
819 3657 952 3718 comes,
976 3631 1134 3702 defuncto
1156 3657 1196 3701 eo
1215 3632 1359 3727 filiisque
1382 3634 1476 3726 ejus,

428 3750 540 3820 schola
560 3776 595 3820 se
614 3754 834 3821 sustentavit:
854 3751 1034 3845 docuitque
1052 3755 1085 3820 in
1105 3754 1253 3838 Carinis,
1269 3752 1312 3821 ad
1328 3749 1478 3822 Telluris

427 3871 549 3962 aedem,
570 3874 603 3942 in
627 3898 693 3966 qua
719 3875 856 3968 regione
882 3874 1117 3967 Pompeiorum
1141 3873 1261 3943 domus
1279 3873 1388 3942 fuerat
1410 3898 1419 3940 :
1438 3896 1478 3938 ac

428 4005 520 4063 tauto
540 4017 653 4064 amore
676 4016 754 4088 erga
780 3995 911 4085 patroni
934 3995 1126 4063 memoriam
1144 3995 1287 4078 exstitit,
1310 4007 1347 4062 ut
1362 3990 1479 4060 Sallu·

427 4111 526 4180 stium
546 4113 762 4202 historicum,
783 4113 967 4206 quodcum
987 4114 1089 4183 roris
1109 4115 1269 4208 improbi,
1287 4117 1404 4183 animo
1424 4115 1480 4180 in·
