3098 5446
413 483 450 536 att
820 475 850 529 G
872 475 1048 531 suenoni}

412 605 563 699 quamvis
594 599 820 697 flagitantibus
851 601 1000 685 cunctis,
1035 597 1228 692 promittere
1255 569 1446 677 audentem,¹

413 725 554 816 ideoque
571 745 738 816 egressum
762 719 910 804 theatro,
931 731 1158 802 revocaverat,
1184 717 1276 808 quasi
1301 739 1442 806 perseve-
1528 797 1529 800 Ἴ

414 845 520 912 rantis
547 840 665 937 populi
690 838 853 934 legatione
877 854 1049 932 suscepta,
1069 834 1341 927 exorandumque
1369 857 1442 925 pra·
1528 891 1529 900 ,

411 963 540 1035 human
1439 957 1442 962 '
1528 939 1529 1028 l

462 1089 504 1154 V.
530 1087 647 1154 Trium
671 1088 784 1181 itaque
807 1089 995 1183 principum
1013 1083 1235 1177 indulgentia,
1257 1103 1326 1146 non
1345 1075 1442 1145 solum

412 1205 617 1292 honoribus,
638 1230 754 1276 verum
781 1221 815 1275 et
843 1207 1037 1276 sacerdotiis
1066 1201 1276 1296 amplissimis
1308 1210 1441 1280 auctus,

414 1324 686 1419 proconsulatum
701 1325 821 1396 Africae
837 1342 913 1422 post
930 1327 1015 1410 hare,
1033 1347 1214 1416 curamque
1228 1343 1368 1414 opernm
1387 1342 1442 1412 pu·

413 1442 578 1514 blicorum
599 1444 857 1533 administravit,
877 1462 911 1516 et
936 1445 1107 1515 voluntate
1122 1442 1266 1536 dispari,
1290 1455 1325 1508 et
1342 1437 1444 1506 existi·

413 1567 570 1634 matione.
587 1567 627 1633 ln
643 1565 813 1659 provincia
830 1565 1032 1662 singularem
1053 1564 1275 1632 innocentiam
1298 1559 1445 1654 prestitit

413 1683 551 1754 biennio
565 1686 777 1774 continuato,
795 1712 899 1780 quum
912 1686 1099 1756 succedenti
1120 1683 1214 1750 fratri
1233 1680 1361 1776 legatus
1374 1679 1445 1748 sub-

415 1805 558 1874 stitisset
589 1809 633 1875 At
661 1807 696 1874 in
720 1807 849 1874 urbano
873 1805 983 1875 officio
1015 1805 1103 1874 dona
1135 1819 1234 1895 atque
1259 1814 1447 1869 ornamenta

416 1924 617 2018 templorum
635 1927 850 2020 surripuisse,
869 1942 901 1994 et
920 1940 1140 1995 commutasse
1158 1921 1309 2016 quasdam
1331 1919 1450 1987 fereba-

416 2059 482 2132 tur,
507 2069 636 2139 proque
666 2069 748 2114 auro
777 2061 811 2114 et
832 2061 971 2140 argento
995 2061 1151 2114 stannum
1174 2057 1207 2111 et
1228 2038 1450 2110 aurichalcum
1528 2071 1529 2144 p

416 2167 637 2258 supposuisse.
1143 2249 1150 2262 ¹

464 2285 522 2353 VI.
539 2288 685 2355 Uxorem
699 2288 816 2358 habuit
832 2293 1039 2378 Petroniam,
1056 2288 1241 2358 consularis
1258 2287 1320 2354 viri
1336 2284 1451 2364 filiam,
1528 2271 1529 2280 ἵ

359 2459 360 2464 1
416 2419 451 2473 et
480 2429 519 2474 ex
552 2431 590 2476 ea
619 2405 725 2476 filium
756 2413 1018 2497 Petronianum,
1051 2425 1185 2504 captum
1215 2408 1320 2477 altero
1345 2405 1448 2474 oculo.

417 2528 532 2613 Hunc,
555 2527 709 2598 heredem
732 2555 751 2598 a
774 2545 879 2600 matre
902 2531 965 2600 sub
988 2529 1181 2600 conditione
1201 2531 1405 2609 institutum,
1425 2528 1452 2594 si
1528 2579 1529 2600 1

415 2643 458 2714 de
479 2661 640 2740 potestate
669 2652 772 2742 patris
794 2653 929 2738 exisset,
949 2676 1050 2723 manu
1071 2651 1199 2737 emisit3
1217 2651 1399 2742 brevique,
1414 2663 1449 2715 ut

416 2767 580 2837 creditum
595 2783 661 2858 est,
676 2772 859 2858 interemit,
874 2771 1102 2840 insimulatum
1116 2773 1253 2864 insuper
1268 2767 1450 2864 parricidii,

417 2904 449 2958 et
464 2893 559 2982 quasi
574 2905 728 2984 paratum
743 2891 906 2961 adseclas
921 2917 1084 2962 venenum
1101 2917 1140 2960 ex
1153 2893 1361 2960 conscientia
1377 2891 1452 2957 hau·
1528 2909 1529 2976 t

416 3011 521 3078 sisset.
539 3011 644 3080 Duxit
664 3035 742 3080 mox
757 3011 927 3081 Galeriam
944 3013 1139 3118 Fundanam
1158 3013 1315 3106 praetorio
1333 3027 1448 3104 patre:

416 3151 456 3195 ac
482 3126 524 3196 de
556 3128 618 3200 hac
647 3157 782 3226 quoque
811 3130 932 3201 liberos
960 3135 1133 3225 utriusque
1161 3157 1257 3200 sexus
1282 3129 1380 3215 tulit;
1396 3130 1452 3198 sed

308 3249 313 3260 ’
417 3272 543 3320 marem
564 3252 741 3322 titubantia
759 3257 827 3323 oris
853 3278 958 3348 prope
976 3269 1106 3323 mutum
1128 3252 1357 3348 etelinguem.
1528 3231 1529 3240 i

465 3375 543 3444 Vll.
558 3371 706 3443 AGallsa
719 3375 754 3442 in
770 3375 958 3443 inferiorem
973 3376 1185 3444 Germaniam
1202 3391 1318 3444 contra
1332 3375 1458 3468 opinio·

418 3519 494 3565 nem
510 3495 628 3562 missus
638 3509 699 3564 est.
714 3494 876 3589 Adjutum
890 3511 1010 3589 putant
1020 3499 1061 3563 T.
1082 3496 1168 3564 Vinii
1184 3493 1360 3588 suffragio,
1378 3509 1455 3562 tunc

300 3631 306 3640 “
418 3615 660 3708 potentissimi,
674 3629 708 3684 et
722 3617 776 3684 cui
794 3616 863 3708 jam
884 3616 1013 3710 pridem
1031 3640 1089 3710 per
1108 3639 1321 3684 communem
1337 3615 1456 3683 factio-

419 3737 469 3804 nis
489 3749 614 3804 venetae
638 3734 783 3804 savorem
809 3735 1002 3805 conciliatus
1031 3753 1138 3806 esset:
1155 3737 1217 3804 nisi
1241 3734 1332 3829 quod
1352 3733 1459 3805 Galba

418 3879 485 3948 prae
498 3881 533 3926 ae
545 3854 641 3943 tulit,
658 3854 766 3924 nullos
783 3857 892 3926 minus
908 3857 1123 3944 metuendos,
1138 3881 1239 3950 quam
1257 3859 1314 3951 qui
1333 3857 1374 3925 de
1387 3855 1459 3924 solo

418 3977 508 4045 victu
526 3978 728 4071 cogitarent,
746 4003 784 4047 ac
803 4003 898 4070 posse
917 3977 1174 4072 provincialibus
1195 3981 1298 4074 copiis
1317 3979 1458 4074 prosun-

373 4166 375 4172 ,
419 4096 495 4168 dant
514 4099 585 4190 ejus
603 4097 727 4192 expleri
738 4097 876 4193 gulam;
892 4116 928 4168 ut
944 4102 1047 4168 cuivis
1060 4101 1193 4170 evidens
1206 4103 1269 4190 sit,
1282 4117 1460 4170 contemtu
