3098 5446
432 551 487 607 250
832 545 862 600 c.
884 543 1057 601 suurouu

430 675 595 759 sulerum,
615 671 934 769 domuslpriscorum
952 667 1074 736 ducum
1095 678 1259 748 arserunt,
1283 663 1449 734 hostilibus

430 793 538 863 adhuc
555 789 667 887 spoliis
689 787 872 872 adornate,
892 786 1093 880 deorumque
1110 785 1207 870 tedes,
1232 784 1275 854 ab
1303 785 1450 880 regibus,

431 935 469 981 ac
484 910 604 980 deinde
621 910 750 1003 punicis
764 923 797 977 et
814 905 939 1002 gallicis
953 905 1047 976 bellis
1065 919 1150 974 vote
1168 903 1404 998 dedicataque,
1419 919 1451 974 et

429 1028 585 1124 quicquid
614 1027 786 1098 visendum
817 1041 917 1120 etque
947 1023 1159 1098 memorabile
1191 1047 1231 1093 ex
1260 1025 1452 1118 antiquitate

429 1149 615 1218 duraverat.
642 1153 715 1218 lloc
744 1147 933 1217 incendium
958 1171 977 1216 e
1004 1160 1095 1214 turre
1119 1145 1354 1214 Mecenatiana
1374 1167 1451 1237 pro·

428 1283 594 1364 spectans,
616 1265 777 1360 lectusque
795 1265 1008 1351 «flammae,n
1029 1279 1068 1334 ut
1094 1263 1218 1350 aiebat,
1243 1259 1452 1356 «pulchritu-

428 1387 546 1475 dine,»
564 1382 683 1458 ἅλωσιν
701 1384 754 1455 ΙΙίἰ
775 1385 810 1454 in
826 1383 884 1454 illo
902 1407 963 1454 suo
981 1383 1112 1453 scenico
1127 1383 1242 1451 habitu
1257 1379 1451 1448 decantavit.

427 1509 474 1576 Ac
489 1531 530 1575 ne
549 1529 614 1575 non
629 1507 708 1574 hinc
724 1527 876 1599 quoque,
895 1517 1058 1598 quantum
1075 1515 1184 1596 posset
1203 1498 1319 1594 praede
1335 1511 1370 1568 et
1388 1523 1454 1570 mtt-

427 1624 624 1710 nnhiarum,
641 1622 830 1712 invaderet,
850 1621 1015 1717 pollicitus
1033 1619 1230 1689 cadaverum
1248 1633 1281 1689 et
1296 1619 1454 1689 ruderum

427 1745 605 1837 gratuitam
620 1743 830 1837 egestionem,
845 1741 966 1810 nernini
981 1739 1023 1809 ad
1032 1737 1187 1833 reliquias
1198 1763 1309 1808 rerum
1319 1761 1453 1809 suarum

427 1859 517 1930 adire
546 1863 712 1956 permisit3
749 1857 1044 1952 collationibusque
1075 1883 1142 1928 non
1170 1859 1308 1952 receptis
1339 1859 1453 1946 modo,

426 2003 540 2049 verum
558 1995 592 2048 ct
618 1979 822 2073 efflagitatis,
844 1980 1031 2072 provincias
1050 1979 1323 2072 privatorumque
1340 2001 1455 2048 census

426 2121 530 2191 prope
541 2099 705 2167 exhausit.
1200 2081 1202 2088 '

474 2217 629 2286 XXXIX.
656 2221 876 2288 Accesserant
900 2219 998 2288 tantis
1015 2242 1056 2286 ex
1080 2219 1231 2312 principe
1255 2215 1350 2287 malis
1378 2241 1455 2311 pro·

427 2335 561 2429 brisque
579 2336 730 2430 quedam
748 2351 782 2406 et
795 2335 933 2408 fortuita
951 2363 959 2405 ε
978 2335 1163 2431 pestilentia
1179 2338 1277 2406 unius
1292 2340 1455 2420 autumni,

425 2479 493 2548 quo
511 2456 648 2550 triginta
664 2455 818 2526 funerum
829 2453 934 2525 millia
952 2458 987 2526 in
1004 2458 1165 2526 rationem
1184 2456 1337 2527 Libitinae
1356 2481 1454 2526 rene·

424 2589 503 2644 ruut
527 2599 535 2643 :
562 2573 672 2644 clades
695 2577 898 2664 britannica,
927 2601 994 2670 qua
1022 2575 1089 2646 duo
1121 2578 1286 2670 praecipua
1311 2576 1457 2671 oppida,

425 2716 546 2788 magna
571 2694 694 2762 civium
724 2696 956 2788 sociorumque
975 2695 1078 2782 cede,
1095 2693 1223 2790 direpta
1240 2709 1341 2764 sunt:
1360 2697 1456 2791 igno-

425 2811 526 2880 minia
543 2811 586 2882 ad
605 2815 795 2902 Orientem,
815 2811 1001 2908 legionibus
1028 2815 1239 2884 inlrmenia
1256 2813 1317 2882 sub
1333 2815 1457 2910 jugum

426 2931 550 3016 missis,
567 2953 717 3024 aegreque
733 2933 828 3026 Syrio
853 2947 991 3008 retenta.
1009 2933 1134 3003 Mirum
1147 2983 1157 3021 ,
1172 2949 1206 3003 ct
1219 2931 1271 3001 vel
1290 2935 1458 3030 precipue

425 3047 570 3117 notabile
599 3049 684 3118 inter
709 3049 780 3118 haec
798 3049 915 3139 merit,
937 3051 1020 3120 nihil
1039 3077 1113 3122 cum
1138 3051 1335 3146 patientius,
1354 3077 1459 3147 quam

425 3163 597 3234 maledicta
613 3179 645 3235 et
664 3170 813 3237 convicia
832 3169 1026 3253 hominum,
1045 3168 1177 3256 tulisse;
1195 3195 1304 3264 neque
1317 3173 1354 3240 in
1371 3169 1462 3240 ullos

424 3279 596 3374 leniorem,
617 3309 717 3380 quam
741 3287 799 3380 qui
824 3313 859 3357 sc
879 3288 975 3358 dictis
1001 3305 1058 3358 aut
1085 3289 1287 3361 carminibus
1307 3289 1461 3362 lacessis·

425 3416 512 3492 sent,
532 3405 703 3475 exstitisse.
727 3404 834 3476 Multa
853 3431 958 3502 grece
977 3407 1142 3502 latineque
1168 3411 1373 3506 proscripta,
1398 3425 1464 3480 eut

424 3520 558 3616 vulgata
571 3539 665 3614 sunt;
681 3526 766 3595 sicut
786 3525 843 3595 illa
863 3553 871 3594 :

540 3725 639 3792 Nlpur,
652 3713 772 3795 Opioruc,
789 3717 933 3798 impetus,
947 3731 1110 3800 perpetrem.

454 3891 458 3898 ·
540 3872 678 3942 Νιόνυμφον
695 3876 776 3944 Νέρων
793 3871 859 3928 idicr
874 3879 957 3946 μητέρ’
971 3877 1119 3930 ἀπέκτειναν.

501 4031 571 4101 Quis
587 4045 686 4106 negat,
703 4035 795 4092 AEneae
814 4054 915 4112 magna
935 4039 971 4096 de
986 4041 1073 4114 stirpe
1089 4041 1252 4098 Neronem?

537 4122 652 4180 Sustulit
670 4127 716 4182 hic
734 4137 867 4198 matrem,
880 4132 989 4188 sustulit
1002 4133 1049 4190 ille
1062 4143 1178 4207 patrem.
