<?xml version="1.0" encoding="UTF-8"?>
<!DOCTYPE html PUBLIC "-//W3C//DTD XHTML 1.0 Transitional//EN"
    "http://www.w3.org/TR/xhtml1/DTD/xhtml1-transitional.dtd">
<html xmlns="http://www.w3.org/1999/xhtml" xml:lang="en" lang="en">
 <head>
  <title>
</title>
<meta http-equiv="Content-Type" content="text/html;charset=utf-8" />
  <meta name='ocr-system' content='tesseract 3.04.00' />
  <meta name='ocr-capabilities' content='ocr_page ocr_carea ocr_par ocr_line ocrx_word'/>
</head>
<body>
  <div class='ocr_page' id='page_1' title='image "./caiisuetonitran00grosgoog_0378.png"; bbox 0 0 3168 5440; ppageno 0'>
   <div class='ocr_carea' id='block_1_1' title="bbox 500 529 1266 654">
    <p class='ocr_par' dir='ltr' id='par_1_1' title="bbox 500 529 1266 654">
     <span class='ocr_line' id='line_1_1' title="bbox 500 529 1266 654; baseline -0.003 -12"><span class='ocrx_word' id='word_1_1' title='bbox 500 573 747 642; x_wconf 82' lang='lat' dir='ltr'>nourrnnns.</span> <span class='ocrx_word' id='word_1_2' title='bbox 1110 584 1146 654; x_wconf 77' lang='lat'>7³</span> <span class='ocrx_word' id='word_1_3' title='bbox 1262 529 1266 540; x_wconf 34' lang='lat'>¹</span> 
     </span>
    </p>
   </div>
   <div class='ocr_carea' id='block_1_2' title="bbox 111 707 1248 1768">
    <p class='ocr_par' dir='ltr' id='par_1_2' title="bbox 111 707 1248 1768">
     <span class='ocr_line' id='line_1_2' title="bbox 114 707 1147 805; baseline 0.001 -27"><span class='ocrx_word' id='word_1_4' title='bbox 114 708 232 780; x_wconf 87' lang='lat' dir='ltr'>Eadem</span> <span class='ocrx_word' id='word_1_5' title='bbox 252 708 430 780; x_wconf 78' lang='lat' dir='ltr'>formidine</span> <span class='ocrx_word' id='word_1_6' title='bbox 446 707 595 780; x_wconf 89' lang='lat' dir='ltr'>oblatum</span> <span class='ocrx_word' id='word_1_7' title='bbox 614 735 634 779; x_wconf 89' lang='lat' dir='ltr'>a</span> <span class='ocrx_word' id='word_1_8' title='bbox 653 724 769 778; x_wconf 92' lang='lat' dir='ltr'>senatu</span> <span class='ocrx_word' id='word_1_9' title='bbox 786 731 912 778; x_wconf 85' lang='lat' dir='ltr'>novum</span> <span class='ocrx_word' id='word_1_10' title='bbox 931 723 965 782; x_wconf 88' lang='lat' dir='ltr'>et</span> <span class='ocrx_word' id='word_1_11' title='bbox 981 709 1147 805; x_wconf 79' lang='lat' dir='ltr'>excogita·</span> 
     </span>
     <span class='ocr_line' id='line_1_3' title="bbox 114 821 1148 925; baseline -0.003 -25"><span class='ocrx_word' id='word_1_12' title='bbox 114 848 180 900; x_wconf 87' lang='lat' dir='ltr'>tum</span> <span class='ocrx_word' id='word_1_13' title='bbox 198 832 380 920; x_wconf 82' lang='lat' dir='ltr'>honorem,</span> <span class='ocrx_word' id='word_1_14' title='bbox 401 821 769 925; x_wconf 45' lang='lat' dir='ltr'>quamquam&#39;omnium</span> <span class='ocrx_word' id='word_1_15' title='bbox 785 828 902 898; x_wconf 91' lang='lat' dir='ltr'>talium</span> <span class='ocrx_word' id='word_1_16' title='bbox 921 830 1148 924; x_wconf 84' lang='lat' dir='ltr'>appetentissi-</span> 
     </span>
     <span class='ocr_line' id='line_1_4' title="bbox 113 950 1149 1046; baseline -0.005 -25"><span class='ocrx_word' id='word_1_17' title='bbox 113 977 197 1040; x_wconf 90' lang='lat' dir='ltr'>mus,</span> <span class='ocrx_word' id='word_1_18' title='bbox 211 954 397 1022; x_wconf 87' lang='lat' dir='ltr'>recusavit:</span> <span class='ocrx_word' id='word_1_19' title='bbox 409 976 478 1046; x_wconf 93' lang='lat' dir='ltr'>quo</span> <span class='ocrx_word' id='word_1_20' title='bbox 491 950 661 1020; x_wconf 89' lang='lat' dir='ltr'>decretum</span> <span class='ocrx_word' id='word_1_21' title='bbox 676 965 765 1035; x_wconf 90' lang='lat' dir='ltr'>erat,</span> <span class='ocrx_word' id='word_1_22' title='bbox 780 964 856 1036; x_wconf 80' lang='lat' dir='ltr'>aut,</span> <span class='ocrx_word' id='word_1_23' title='bbox 874 951 1005 1044; x_wconf 89' lang='lat' dir='ltr'>quoties</span> <span class='ocrx_word' id='word_1_24' title='bbox 1021 961 1149 1044; x_wconf 80' lang='lat' dir='ltr'>gereret</span> 
     </span>
     <span class='ocr_line' id='line_1_5' title="bbox 113 1069 1248 1166; baseline -0.004 -24"><span class='ocrx_word' id='word_1_25' title='bbox 113 1071 337 1160; x_wconf 90' lang='lat' dir='ltr'>consulatum,</span> <span class='ocrx_word' id='word_1_26' title='bbox 350 1073 476 1166; x_wconf 83' lang='lat' dir='ltr'>equites</span> <span class='ocrx_word' id='word_1_27' title='bbox 490 1072 639 1158; x_wconf 91' lang='lat' dir='ltr'>romani,</span> <span class='ocrx_word' id='word_1_28' title='bbox 656 1071 777 1165; x_wconf 90' lang='lat' dir='ltr'>quibus</span> <span class='ocrx_word' id='word_1_29' title='bbox 791 1093 862 1140; x_wconf 88' lang='lat' dir='ltr'>sors</span> <span class='ocrx_word' id='word_1_30' title='bbox 876 1069 1065 1164; x_wconf 80' lang='lat' dir='ltr'>obtigisset,</span> <span class='ocrx_word' id='word_1_31' title='bbox 1084 1083 1149 1138; x_wconf 87' lang='lat' dir='ltr'>tra·</span> <span class='ocrx_word' id='word_1_32' title='bbox 1243 1115 1248 1126; x_wconf 75' lang='lat'><strong>·</strong></span> 
     </span>
     <span class='ocr_line' id='line_1_6' title="bbox 112 1191 1149 1287; baseline -0.003 -26"><span class='ocrx_word' id='word_1_33' title='bbox 112 1194 195 1264; x_wconf 88' lang='lat' dir='ltr'>beati</span> <span class='ocrx_word' id='word_1_34' title='bbox 212 1208 245 1263; x_wconf 91' lang='lat' dir='ltr'>et</span> <span class='ocrx_word' id='word_1_35' title='bbox 262 1219 339 1264; x_wconf 92' lang='lat' dir='ltr'>cum</span> <span class='ocrx_word' id='word_1_36' title='bbox 357 1193 460 1262; x_wconf 90' lang='lat' dir='ltr'>hastis</span> <span class='ocrx_word' id='word_1_37' title='bbox 483 1191 685 1262; x_wconf 89' lang='lat' dir='ltr'>militaribus</span> <span class='ocrx_word' id='word_1_38' title='bbox 706 1191 931 1287; x_wconf 65' lang='lat' dir='ltr'>precederent</span> <span class='ocrx_word' id='word_1_39' title='bbox 948 1215 1044 1276; x_wconf 89' lang='lat' dir='ltr'>eum,</span> <span class='ocrx_word' id='word_1_40' title='bbox 1064 1191 1149 1260; x_wconf 92' lang='lat' dir='ltr'>inter</span> 
     </span>
     <span class='ocr_line' id='line_1_7' title="bbox 112 1312 1150 1410; baseline -0.003 -28"><span class='ocrx_word' id='word_1_41' title='bbox 112 1313 242 1384; x_wconf 84' lang='lat' dir='ltr'>lictores</span> <span class='ocrx_word' id='word_1_42' title='bbox 267 1316 582 1410; x_wconf 75' lang='lat' dir='ltr'>apparitoresque.»</span> <span class='ocrx_word' id='word_1_43' title='bbox 601 1317 766 1407; x_wconf 86' lang='lat' dir='ltr'>Tempore</span> <span class='ocrx_word' id='word_1_44' title='bbox 792 1337 870 1381; x_wconf 85' lang='lat' dir='ltr'>vero</span> <span class='ocrx_word' id='word_1_45' title='bbox 897 1313 1041 1407; x_wconf 88' lang='lat' dir='ltr'>suspecti</span> <span class='ocrx_word' id='word_1_46' title='bbox 1063 1312 1150 1404; x_wconf 90' lang='lat' dir='ltr'>peri-</span> 
     </span>
     <span class='ocr_line' id='line_1_8' title="bbox 111 1431 1149 1529; baseline -0.006 -26"><span class='ocrx_word' id='word_1_47' title='bbox 111 1433 173 1503; x_wconf 87' lang='lat' dir='ltr'>culi</span> <span class='ocrx_word' id='word_1_48' title='bbox 192 1435 500 1529; x_wconf 82' lang='lat' dir='ltr'>appropinquante,</span> <span class='ocrx_word' id='word_1_49' title='bbox 524 1431 697 1502; x_wconf 86' lang='lat' dir='ltr'>sollicitior</span> <span class='ocrx_word' id='word_1_50' title='bbox 719 1431 866 1513; x_wconf 85' lang='lat' dir='ltr'>indies,</span> <span class='ocrx_word' id='word_1_51' title='bbox 890 1432 1094 1526; x_wconf 89' lang='lat' dir='ltr'>porticuum,</span> <span class='ocrx_word' id='word_1_52' title='bbox 1115 1431 1149 1498; x_wconf 91' lang='lat' dir='ltr'>in</span> 
     </span>
     <span class='ocr_line' id='line_1_9' title="bbox 112 1549 1151 1648; baseline -0.005 -25"><span class='ocrx_word' id='word_1_53' title='bbox 112 1555 230 1647; x_wconf 89' lang='lat' dir='ltr'>quibus</span> <span class='ocrx_word' id='word_1_54' title='bbox 250 1555 386 1648; x_wconf 88' lang='lat' dir='ltr'>spatiari</span> <span class='ocrx_word' id='word_1_55' title='bbox 407 1567 601 1640; x_wconf 89' lang='lat' dir='ltr'>consuerat,</span> <span class='ocrx_word' id='word_1_56' title='bbox 619 1554 761 1648; x_wconf 80' lang='lat' dir='ltr'>parietas</span> <span class='ocrx_word' id='word_1_57' title='bbox 787 1553 944 1648; x_wconf 82' lang='lat' dir='ltr'>phengite</span> <span class='ocrx_word' id='word_1_58' title='bbox 966 1549 1075 1646; x_wconf 88' lang='lat' dir='ltr'>lapide</span> <span class='ocrx_word' id='word_1_59' title='bbox 1101 1549 1151 1618; x_wconf 92' lang='lat' dir='ltr'>di·</span> 
     </span>
     <span class='ocr_line' id='line_1_10' title="bbox 111 1666 1149 1768; baseline -0.005 -23"><span class='ocrx_word' id='word_1_60' title='bbox 111 1677 245 1761; x_wconf 80' lang='lat' dir='ltr'>stinxit,</span> <span class='ocrx_word' id='word_1_61' title='bbox 269 1699 288 1743; x_wconf 95' lang='lat' dir='ltr'>e</span> <span class='ocrx_word' id='word_1_62' title='bbox 312 1674 407 1766; x_wconf 89' lang='lat' dir='ltr'>cujus</span> <span class='ocrx_word' id='word_1_63' title='bbox 436 1671 612 1768; x_wconf 88' lang='lat' dir='ltr'>splendore</span> <span class='ocrx_word' id='word_1_64' title='bbox 642 1697 702 1768; x_wconf 91' lang='lat' dir='ltr'>per</span> <span class='ocrx_word' id='word_1_65' title='bbox 731 1674 915 1768; x_wconf 83' lang='lat' dir='ltr'>imagines,</span> <span class='ocrx_word' id='word_1_66' title='bbox 943 1666 1102 1766; x_wconf 89' lang='lat' dir='ltr'>quicquid</span> <span class='ocrx_word' id='word_1_67' title='bbox 1131 1693 1149 1740; x_wconf 86' lang='lat' dir='ltr'>a</span> 
     </span>
    </p>
   </div>
   <div class='ocr_carea' id='block_1_3' title="bbox 112 1789 1264 1890">
    <p class='ocr_par' dir='ltr' id='par_1_3' title="bbox 112 1789 1264 1890">
     <span class='ocr_line' id='line_1_11' title="bbox 112 1789 1264 1890; baseline -0.004 -26"><span class='ocrx_word' id='word_1_68' title='bbox 112 1811 202 1890; x_wconf 84' lang='lat' dir='ltr'>tergo</span> <span class='ocrx_word' id='word_1_69' title='bbox 228 1794 343 1883; x_wconf 85' lang='lat' dir='ltr'>fieret,</span> <span class='ocrx_word' id='word_1_70' title='bbox 373 1793 573 1888; x_wconf 84' lang='lat' dir='ltr'>provideret.</span> <span class='ocrx_word' id='word_1_71' title='bbox 596 1796 668 1865; x_wconf 88' lang='lat' dir='ltr'>Nec</span> <span class='ocrx_word' id='word_1_72' title='bbox 696 1791 760 1862; x_wconf 87' lang='lat' dir='ltr'>nisi</span> <span class='ocrx_word' id='word_1_73' title='bbox 785 1807 911 1862; x_wconf 89' lang='lat' dir='ltr'>secreto</span> <span class='ocrx_word' id='word_1_74' title='bbox 937 1805 1037 1886; x_wconf 92' lang='lat' dir='ltr'>atque</span> <span class='ocrx_word' id='word_1_75' title='bbox 1061 1789 1151 1860; x_wconf 91' lang='lat' dir='ltr'>solus</span> <span class='ocrx_word' id='word_1_76' title='bbox 1262 1807 1264 1813; x_wconf 87' lang='grc'><em>·</em></span> 
     </span>
    </p>
   </div>
   <div class='ocr_carea' id='block_1_4' title="bbox 102 1914 1156 4304">
    <p class='ocr_par' dir='ltr' id='par_1_4' title="bbox 109 1914 1154 2590">
     <span class='ocr_line' id='line_1_12' title="bbox 110 1914 1151 2012; baseline -0.004 -26"><span class='ocrx_word' id='word_1_77' title='bbox 110 1916 283 2012; x_wconf 88' lang='lat' dir='ltr'>plerasque</span> <span class='ocrx_word' id='word_1_78' title='bbox 294 1915 482 2002; x_wconf 87' lang='lat' dir='ltr'>custodias,</span> <span class='ocrx_word' id='word_1_79' title='bbox 498 1917 637 2011; x_wconf 90' lang='lat' dir='ltr'>receptis</span> <span class='ocrx_word' id='word_1_80' title='bbox 652 1939 786 2009; x_wconf 91' lang='lat' dir='ltr'>quoque</span> <span class='ocrx_word' id='word_1_81' title='bbox 804 1916 839 1984; x_wconf 89' lang='lat' dir='ltr'>in</span> <span class='ocrx_word' id='word_1_82' title='bbox 857 1937 991 1983; x_wconf 91' lang='lat' dir='ltr'>manum</span> <span class='ocrx_word' id='word_1_83' title='bbox 1003 1914 1151 2002; x_wconf 81' lang='lat' dir='ltr'>catenis,</span> 
     </span>
     <span class='ocr_line' id='line_1_13' title="bbox 111 2032 1151 2132; baseline -0.005 -25"><span class='ocrx_word' id='word_1_84' title='bbox 111 2037 273 2109; x_wconf 86' lang='lat' dir='ltr'>audiebat.</span> <span class='ocrx_word' id='word_1_85' title='bbox 288 2041 402 2132; x_wconf 89' lang='lat' dir='ltr'>thue</span> <span class='ocrx_word' id='word_1_86' title='bbox 415 2035 604 2106; x_wconf 88' lang='lat' dir='ltr'>domesticis</span> <span class='ocrx_word' id='word_1_87' title='bbox 621 2035 849 2130; x_wconf 88' lang='lat' dir='ltr'>persuaderet,</span> <span class='ocrx_word' id='word_1_88' title='bbox 859 2058 902 2104; x_wconf 88' lang='lat' dir='ltr'>ne</span> <span class='ocrx_word' id='word_1_89' title='bbox 913 2035 1003 2106; x_wconf 92' lang='lat' dir='ltr'>hono</span> <span class='ocrx_word' id='word_1_90' title='bbox 1015 2032 1151 2128; x_wconf 89' lang='lat' dir='ltr'>quidem</span> 
     </span>
     <span class='ocr_line' id='line_1_14' title="bbox 110 2154 1151 2254; baseline -0.004 -26"><span class='ocrx_word' id='word_1_91' title='bbox 110 2157 261 2254; x_wconf 86' lang='lat' dir='ltr'>exemplo</span> <span class='ocrx_word' id='word_1_92' title='bbox 281 2157 468 2228; x_wconf 82' lang='lat' dir='ltr'>sudandam</span> <span class='ocrx_word' id='word_1_93' title='bbox 490 2180 560 2226; x_wconf 84' lang='lat' dir='ltr'>esse</span> <span class='ocrx_word' id='word_1_94' title='bbox 581 2156 714 2250; x_wconf 88' lang='lat' dir='ltr'>patroni</span> <span class='ocrx_word' id='word_1_95' title='bbox 733 2179 868 2243; x_wconf 89' lang='lat' dir='ltr'>necem,</span> <span class='ocrx_word' id='word_1_96' title='bbox 885 2154 1151 2251; x_wconf 84' lang='lat' dir='ltr'>Epaphroditum</span> 
     </span>
     <span class='ocr_line' id='line_1_15' title="bbox 111 2275 1154 2374; baseline -0.003 -25"><span class='ocrx_word' id='word_1_97' title='bbox 111 2305 129 2348; x_wconf 89' lang='lat' dir='ltr'>a</span> <span class='ocrx_word' id='word_1_98' title='bbox 147 2277 267 2349; x_wconf 88' lang='lat' dir='ltr'>libellis</span> <span class='ocrx_word' id='word_1_99' title='bbox 285 2277 419 2374; x_wconf 88' lang='lat' dir='ltr'>capitali</span> <span class='ocrx_word' id='word_1_100' title='bbox 438 2299 536 2372; x_wconf 80' lang='lat' dir='ltr'>poena</span> <span class='ocrx_word' id='word_1_101' title='bbox 550 2275 797 2366; x_wconf 89' lang='lat' dir='ltr'>condemnavit,</span> <span class='ocrx_word' id='word_1_102' title='bbox 816 2275 906 2370; x_wconf 89' lang='lat' dir='ltr'>quod</span> <span class='ocrx_word' id='word_1_103' title='bbox 921 2290 997 2370; x_wconf 87' lang='lat' dir='ltr'>post</span> <span class='ocrx_word' id='word_1_104' title='bbox 1013 2275 1154 2346; x_wconf 90' lang='lat' dir='ltr'>destitu-</span> 
     </span>
     <span class='ocr_line' id='line_1_16' title="bbox 111 2385 1152 2493; baseline -0.004 -24"><span class='ocrx_word' id='word_1_105' title='bbox 111 2403 236 2470; x_wconf 90' lang='lat' dir='ltr'>tionem</span> <span class='ocrx_word' id='word_1_106' title='bbox 260 2385 356 2470; x_wconf 88' lang='lat' dir='ltr'>Nero</span> <span class='ocrx_word' id='word_1_107' title='bbox 378 2400 414 2468; x_wconf 91' lang='lat' dir='ltr'>in</span> <span class='ocrx_word' id='word_1_108' title='bbox 437 2395 650 2493; x_wconf 75' lang='lat' dir='ltr'>adipiscenda</span> <span class='ocrx_word' id='word_1_109' title='bbox 672 2411 780 2466; x_wconf 92' lang='lat' dir='ltr'>morte</span> <span class='ocrx_word' id='word_1_110' title='bbox 804 2420 906 2466; x_wconf 91' lang='lat' dir='ltr'>manu</span> <span class='ocrx_word' id='word_1_111' title='bbox 924 2397 996 2491; x_wconf 89' lang='lat' dir='ltr'>ejus</span> <span class='ocrx_word' id='word_1_112' title='bbox 1018 2397 1152 2492; x_wconf 87' lang='lat' dir='ltr'>adjutus</span> 
     </span>
     <span class='ocr_line' id='line_1_17' title="bbox 109 2521 370 2590; baseline -0.008 0"><span class='ocrx_word' id='word_1_113' title='bbox 109 2521 370 2590; x_wconf 83' lang='lat' dir='ltr'>existimabatur.</span> 
     </span>
    </p>

    <p class='ocr_par' dir='ltr' id='par_1_5' title="bbox 102 2638 1156 4304">
     <span class='ocr_line' id='line_1_18' title="bbox 155 2638 1152 2735; baseline -0.004 -23"><span class='ocrx_word' id='word_1_114' title='bbox 155 2645 233 2712; x_wconf 85' lang='lat' dir='ltr'>XV.</span> <span class='ocrx_word' id='word_1_115' title='bbox 255 2642 408 2735; x_wconf 87' lang='lat' dir='ltr'>Denique</span> <span class='ocrx_word' id='word_1_116' title='bbox 428 2639 579 2711; x_wconf 88' lang='lat' dir='ltr'>Flavium</span> <span class='ocrx_word' id='word_1_117' title='bbox 600 2638 805 2712; x_wconf 86' lang='lat' dir='ltr'>Clementem</span> <span class='ocrx_word' id='word_1_118' title='bbox 829 2638 1014 2735; x_wconf 87' lang='lat' dir='ltr'>patruelem</span> <span class='ocrx_word' id='word_1_119' title='bbox 1033 2663 1152 2725; x_wconf 90' lang='lat' dir='ltr'>suum,</span> 
     </span>
     <span class='ocr_line' id='line_1_19' title="bbox 108 2758 1152 2856; baseline -0.004 -24"><span class='ocrx_word' id='word_1_120' title='bbox 108 2759 376 2832; x_wconf 85' lang='lat' dir='ltr'>contemtissimae</span> <span class='ocrx_word' id='word_1_121' title='bbox 394 2762 535 2848; x_wconf 84' lang='lat' dir='ltr'>inertiae,</span> <span class='ocrx_word' id='word_1_122' title='bbox 549 2762 644 2856; x_wconf 85' lang='lat' dir='ltr'>cujus</span> <span class='ocrx_word' id='word_1_123' title='bbox 659 2759 760 2851; x_wconf 88' lang='lat' dir='ltr'>filios,</span> <span class='ocrx_word' id='word_1_124' title='bbox 775 2762 875 2830; x_wconf 91' lang='lat' dir='ltr'>etiam</span> <span class='ocrx_word' id='word_1_125' title='bbox 891 2775 962 2829; x_wconf 91' lang='lat' dir='ltr'>tum</span> <span class='ocrx_word' id='word_1_126' title='bbox 979 2758 1152 2856; x_wconf 88' lang='lat' dir='ltr'>parvulos,</span> 
     </span>
     <span class='ocr_line' id='line_1_20' title="bbox 108 2879 1151 2976; baseline -0.004 -24"><span class='ocrx_word' id='word_1_127' title='bbox 108 2907 313 2952; x_wconf 85' lang='lat' dir='ltr'>successores</span> <span class='ocrx_word' id='word_1_128' title='bbox 338 2879 447 2976; x_wconf 86' lang='lat' dir='ltr'>palam</span> <span class='ocrx_word' id='word_1_129' title='bbox 474 2880 714 2970; x_wconf 81' lang='lat' dir='ltr'>destinaverat,</span> <span class='ocrx_word' id='word_1_130' title='bbox 742 2896 776 2950; x_wconf 88' lang='lat' dir='ltr'>et</span> <span class='ocrx_word' id='word_1_131' title='bbox 801 2879 926 2951; x_wconf 88' lang='lat' dir='ltr'>abolito</span> <span class='ocrx_word' id='word_1_132' title='bbox 952 2881 1064 2975; x_wconf 87' lang='lat' dir='ltr'>priore</span> <span class='ocrx_word' id='word_1_133' title='bbox 1077 2889 1151 2948; x_wconf 80' lang='lat' dir='ltr'>&#39;no-</span> 
     </span>
     <span class='ocr_line' id='line_1_21' title="bbox 108 2999 1152 3099; baseline -0.002 -27"><span class='ocrx_word' id='word_1_134' title='bbox 108 3005 213 3090; x_wconf 89' lang='lat' dir='ltr'>mine,</span> <span class='ocrx_word' id='word_1_135' title='bbox 232 3001 373 3072; x_wconf 90' lang='lat' dir='ltr'>alterum</span> <span class='ocrx_word' id='word_1_136' title='bbox 394 3005 648 3099; x_wconf 81' lang='lat' dir='ltr'>Vespasianum</span> <span class='ocrx_word' id='word_1_137' title='bbox 663 2999 823 3096; x_wconf 85' lang='lat' dir='ltr'>appellari</span> <span class='ocrx_word' id='word_1_138' title='bbox 836 3002 996 3096; x_wconf 88' lang='lat' dir='ltr'>jusserat,</span> <span class='ocrx_word' id='word_1_139' title='bbox 1010 2999 1152 3070; x_wconf 86' lang='lat' dir='ltr'>alterum</span> 
     </span>
     <span class='ocr_line' id='line_1_22' title="bbox 107 3123 1152 3218; baseline -0.005 -24"><span class='ocrx_word' id='word_1_140' title='bbox 107 3125 344 3204; x_wconf 63' lang='lat' dir='ltr'>Domitianum</span> <span class='ocrx_word' id='word_1_141' title='bbox 353 3177 365 3210; x_wconf 92' lang='lat'>,</span> <span class='ocrx_word' id='word_1_142' title='bbox 385 3137 522 3218; x_wconf 92' lang='lat' dir='ltr'>repente</span> <span class='ocrx_word' id='word_1_143' title='bbox 544 3147 582 3192; x_wconf 82' lang='lat' dir='ltr'>ex</span> <span class='ocrx_word' id='word_1_144' title='bbox 605 3124 797 3190; x_wconf 90' lang='lat' dir='ltr'>tenuissima</span> <span class='ocrx_word' id='word_1_145' title='bbox 817 3123 1006 3214; x_wconf 87' lang='lat' dir='ltr'>suspicione</span> <span class='ocrx_word' id='word_1_146' title='bbox 1022 3133 1152 3190; x_wconf 89' lang='lat' dir='ltr'>tantum</span> 
     </span>
     <span class='ocr_line' id='line_1_23' title="bbox 107 3240 1153 3339; baseline -0.002 -27"><span class='ocrx_word' id='word_1_147' title='bbox 107 3269 178 3313; x_wconf 90' lang='lat' dir='ltr'>non</span> <span class='ocrx_word' id='word_1_148' title='bbox 198 3247 232 3314; x_wconf 89' lang='lat' dir='ltr'>in</span> <span class='ocrx_word' id='word_1_149' title='bbox 253 3246 326 3339; x_wconf 90' lang='lat' dir='ltr'>ipso</span> <span class='ocrx_word' id='word_1_150' title='bbox 344 3245 416 3339; x_wconf 90' lang='lat' dir='ltr'>ejus</span> <span class='ocrx_word' id='word_1_151' title='bbox 430 3243 606 3314; x_wconf 91' lang='lat' dir='ltr'>consulatu</span> <span class='ocrx_word' id='word_1_152' title='bbox 621 3244 801 3311; x_wconf 89' lang='lat' dir='ltr'>interemit.</span> <span class='ocrx_word' id='word_1_153' title='bbox 816 3243 896 3331; x_wconf 87' lang='lat' dir='ltr'>Quo</span> <span class='ocrx_word' id='word_1_154' title='bbox 910 3242 1052 3310; x_wconf 88' lang='lat' dir='ltr'>maxime</span> <span class='ocrx_word' id='word_1_155' title='bbox 1066 3240 1153 3310; x_wconf 83' lang='lat' dir='ltr'>facto</span> 
     </span>
     <span class='ocr_line' id='line_1_24' title="bbox 108 3359 1155 3434; baseline 0 -4"><span class='ocrx_word' id='word_1_156' title='bbox 108 3359 292 3434; x_wconf 58' lang='lat' dir='ltr'>maturavit</span> <span class='ocrx_word' id='word_1_157' title='bbox 309 3365 372 3434; x_wconf 87' lang='lat' dir='ltr'>sihi</span> <span class='ocrx_word' id='word_1_158' title='bbox 387 3365 536 3434; x_wconf 83' lang='lat' dir='ltr'>exitium.</span> <span class='ocrx_word' id='word_1_159' title='bbox 551 3363 729 3434; x_wconf 88' lang='lat' dir='ltr'>Continuis</span> <span class='ocrx_word' id='word_1_160' title='bbox 746 3363 822 3431; x_wconf 88' lang='lat' dir='ltr'>octo</span> <span class='ocrx_word' id='word_1_161' title='bbox 838 3362 1008 3431; x_wconf 89' lang='lat' dir='ltr'>mensibus</span> <span class='ocrx_word' id='word_1_162' title='bbox 1026 3377 1076 3433; x_wconf 89' lang='lat' dir='ltr'>tot</span> <span class='ocrx_word' id='word_1_163' title='bbox 1093 3361 1155 3430; x_wconf 85' lang='lat' dir='ltr'>ful·</span> 
     </span>
     <span class='ocr_line' id='line_1_25' title="bbox 106 3481 1155 3578; baseline -0.004 -24"><span class='ocrx_word' id='word_1_164' title='bbox 106 3509 191 3578; x_wconf 84' lang='lat' dir='ltr'>gura</span> <span class='ocrx_word' id='word_1_165' title='bbox 211 3484 297 3554; x_wconf 81' lang='lat' dir='ltr'>facta</span> <span class='ocrx_word' id='word_1_166' title='bbox 320 3486 544 3578; x_wconf 82' lang='lat' dir='ltr'>nunciataque</span> <span class='ocrx_word' id='word_1_167' title='bbox 568 3499 667 3572; x_wconf 90' lang='lat' dir='ltr'>sunt,</span> <span class='ocrx_word' id='word_1_168' title='bbox 685 3498 722 3552; x_wconf 89' lang='lat' dir='ltr'>ut</span> <span class='ocrx_word' id='word_1_169' title='bbox 743 3481 992 3570; x_wconf 83' lang='lat' dir='ltr'>exclamaverit,</span> <span class='ocrx_word' id='word_1_170' title='bbox 1013 3511 1030 3546; x_wconf 81' lang='lat' dir='ltr'>a</span> <span class='ocrx_word' id='word_1_171' title='bbox 1045 3485 1155 3552; x_wconf 88' lang='lat' dir='ltr'>Feriat</span> 
     </span>
     <span class='ocr_line' id='line_1_26' title="bbox 102 3601 1153 3699; baseline -0.003 -24"><span class='ocrx_word' id='word_1_172' title='bbox 102 3607 198 3698; x_wconf 89' lang='lat' dir='ltr'>jam,</span> <span class='ocrx_word' id='word_1_173' title='bbox 219 3629 319 3699; x_wconf 88' lang='lat' dir='ltr'>quem</span> <span class='ocrx_word' id='word_1_174' title='bbox 346 3604 443 3674; x_wconf 86' lang='lat' dir='ltr'>volet.</span> <span class='ocrx_word' id='word_1_175' title='bbox 458 3634 475 3671; x_wconf 78' lang='lat' dir='ltr'>s</span> <span class='ocrx_word' id='word_1_176' title='bbox 493 3607 633 3674; x_wconf 88' lang='lat' dir='ltr'>Tactum</span> <span class='ocrx_word' id='word_1_177' title='bbox 657 3604 700 3673; x_wconf 90' lang='lat' dir='ltr'>de</span> <span class='ocrx_word' id='word_1_178' title='bbox 720 3601 804 3674; x_wconf 87' lang='lat' dir='ltr'>coelo</span> <span class='ocrx_word' id='word_1_179' title='bbox 820 3603 1042 3699; x_wconf 87' lang='lat' dir='ltr'>Capitolium,</span> <span class='ocrx_word' id='word_1_180' title='bbox 1069 3617 1153 3672; x_wconf 87' lang='lat' dir='ltr'>tern-</span> 
     </span>
     <span class='ocr_line' id='line_1_27' title="bbox 104 3709 1153 3820; baseline -0.003 -26"><span class='ocrx_word' id='word_1_181' title='bbox 104 3725 271 3820; x_wconf 91' lang='lat' dir='ltr'>plumque</span> <span class='ocrx_word' id='word_1_182' title='bbox 291 3724 411 3795; x_wconf 79' lang='lat' dir='ltr'>Flavia</span> <span class='ocrx_word' id='word_1_183' title='bbox 436 3725 543 3820; x_wconf 80' lang='lat' dir='ltr'>gentis</span> <span class='ocrx_word' id='word_1_184' title='bbox 561 3749 570 3793; x_wconf 77' lang='grc' dir='ltr'><strong><em>ε</em></strong></span> <span class='ocrx_word' id='word_1_185' title='bbox 588 3725 667 3794; x_wconf 91' lang='lat' dir='ltr'>item</span> <span class='ocrx_word' id='word_1_186' title='bbox 688 3724 806 3793; x_wconf 90' lang='lat' dir='ltr'>domus</span> <span class='ocrx_word' id='word_1_187' title='bbox 819 3709 989 3812; x_wconf 83' lang='lat' dir='ltr'>Palatina,</span> <span class='ocrx_word' id='word_1_188' title='bbox 1007 3737 1040 3792; x_wconf 87' lang='lat' dir='ltr'>et</span> <span class='ocrx_word' id='word_1_189' title='bbox 1059 3724 1153 3792; x_wconf 90' lang='lat' dir='ltr'>cubi·</span> 
     </span>
     <span class='ocr_line' id='line_1_28' title="bbox 103 3843 1155 3942; baseline -0.003 -26"><span class='ocrx_word' id='word_1_190' title='bbox 103 3845 226 3916; x_wconf 90' lang='lat' dir='ltr'>culum</span> <span class='ocrx_word' id='word_1_191' title='bbox 243 3849 348 3942; x_wconf 87' lang='lat' dir='ltr'>ipsius</span> <span class='ocrx_word' id='word_1_192' title='bbox 368 3871 376 3914; x_wconf 90' lang='lat'><strong>:</strong></span> <span class='ocrx_word' id='word_1_193' title='bbox 393 3861 493 3940; x_wconf 87' lang='lat' dir='ltr'>atquc</span> <span class='ocrx_word' id='word_1_194' title='bbox 509 3847 609 3916; x_wconf 87' lang='lat' dir='ltr'>etiam</span> <span class='ocrx_word' id='word_1_195' title='bbox 630 3871 648 3915; x_wconf 88' lang='lat' dir='ltr'>e</span> <span class='ocrx_word' id='word_1_196' title='bbox 667 3846 739 3914; x_wconf 90' lang='lat' dir='ltr'>basi</span> <span class='ocrx_word' id='word_1_197' title='bbox 755 3859 871 3915; x_wconf 87' lang='lat' dir='ltr'>statuae</span> <span class='ocrx_word' id='word_1_198' title='bbox 890 3843 1101 3940; x_wconf 89' lang='lat' dir='ltr'>triumphalis</span> <span class='ocrx_word' id='word_1_199' title='bbox 1118 3845 1155 3913; x_wconf 89' lang='lat' dir='ltr'>ti·</span> 
     </span>
     <span class='ocr_line' id='line_1_29' title="bbox 104 3963 1155 4064; baseline -0.002 -28"><span class='ocrx_word' id='word_1_200' title='bbox 104 3965 203 4037; x_wconf 87' lang='lat' dir='ltr'>tulus</span> <span class='ocrx_word' id='word_1_201' title='bbox 221 3991 377 4038; x_wconf 80' lang='lat' dir='ltr'>excussus</span> <span class='ocrx_word' id='word_1_202' title='bbox 399 3970 433 4036; x_wconf 91' lang='lat' dir='ltr'>vi</span> <span class='ocrx_word' id='word_1_203' title='bbox 452 3963 606 4064; x_wconf 82' lang='lat' dir='ltr'>procellae</span> <span class='ocrx_word' id='word_1_204' title='bbox 629 3969 662 4036; x_wconf 93' lang='lat' dir='ltr'>in</span> <span class='ocrx_word' id='word_1_205' title='bbox 682 3981 937 4036; x_wconf 88' lang='lat' dir='ltr'>monumentum</span> <span class='ocrx_word' id='word_1_206' title='bbox 965 3968 1155 4060; x_wconf 81' lang='lat' dir='ltr'>proximum</span> 
     </span>
     <span class='ocr_line' id='line_1_30' title="bbox 104 4085 1155 4184; baseline 0.001 -28"><span class='ocrx_word' id='word_1_207' title='bbox 104 4087 243 4158; x_wconf 87' lang='lat' dir='ltr'>decidit.</span> <span class='ocrx_word' id='word_1_208' title='bbox 270 4090 401 4176; x_wconf 81' lang='lat' dir='ltr'>Arbor,</span> <span class='ocrx_word' id='word_1_209' title='bbox 425 4114 500 4184; x_wconf 86' lang='lat' dir='ltr'>quae</span> <span class='ocrx_word' id='word_1_210' title='bbox 526 4089 657 4184; x_wconf 84' lang='lat' dir='ltr'>privato</span> <span class='ocrx_word' id='word_1_211' title='bbox 683 4085 792 4156; x_wconf 90' lang='lat' dir='ltr'>adhuc</span> <span class='ocrx_word' id='word_1_212' title='bbox 811 4087 1015 4181; x_wconf 87' lang='lat' dir='ltr'>Vespasiano</span> <span class='ocrx_word' id='word_1_213' title='bbox 1041 4111 1155 4157; x_wconf 87' lang='lat' dir='ltr'>eversa</span> 
     </span>
     <span class='ocr_line' id='line_1_31' title="bbox 104 4207 1156 4304; baseline 0 -29"><span class='ocrx_word' id='word_1_214' title='bbox 104 4225 316 4296; x_wconf 84' lang='lat' dir='ltr'>surrexerat,</span> <span class='ocrx_word' id='word_1_215' title='bbox 334 4224 414 4280; x_wconf 91' lang='lat' dir='ltr'>tunc</span> <span class='ocrx_word' id='word_1_216' title='bbox 429 4234 544 4280; x_wconf 89' lang='lat' dir='ltr'>rursus</span> <span class='ocrx_word' id='word_1_217' title='bbox 559 4221 694 4304; x_wconf 85' lang='lat' dir='ltr'>repente</span> <span class='ocrx_word' id='word_1_218' title='bbox 713 4209 848 4278; x_wconf 90' lang='lat' dir='ltr'>corruit.</span> <span class='ocrx_word' id='word_1_219' title='bbox 869 4207 1069 4276; x_wconf 80' lang='lat' dir='ltr'>Praenestina</span> <span class='ocrx_word' id='word_1_220' title='bbox 1086 4207 1156 4276; x_wconf 85' lang='lat' dir='ltr'>for·</span> 
     </span>
    </p>
   </div>
   <div class='ocr_carea' id='block_1_5' title="bbox 0 0 1588 5440">
    <p class='ocr_par' dir='ltr' id='par_1_6' title="bbox 0 0 1588 5440">
     <span class='ocr_line' id='line_1_32' title="bbox 0 0 1588 5440; baseline 0 0"><span class='ocrx_word' id='word_1_221' title='bbox 0 0 1588 5440; x_wconf 95' lang='lat' dir='ltr'> </span> 
     </span>
    </p>
   </div>
  </div>
 </body>
</html>
