3098 5446
417 488 453 555 34
663 439 669 448 ·
830 485 860 539 C.
884 483 1063 540 SUETONIl

418 627 509 684 etum
527 635 643 697 suum,
662 634 730 703 qno
747 609 906 702 jubebat,
925 611 1013 678 intra
1030 607 1185 677 kalendas
1210 607 1356 676 octobris
1371 607 1452 674 Urbs

423 731 589 825 Italiaque
620 731 844 798 mathematici
865 729 1077 818 excederent,
1095 729 1206 798 statim
1237 725 1367 796 libellus
1383 751 1452 822 pm·

422 855 552 948 positus
568 867 639 938 est,
659 865 721 920 aet
743 848 920 921 Chaldaeos
938 850 1087 936 adicem,
1107 849 1233 918 bonam
1259 829 1382 918 sactum
1397 901 1406 934 ,
1420 873 1455 917 ne

422 971 578 1044 Vitellius
603 973 823 1042 Germanicus
846 971 933 1040 intra
961 969 1113 1040 eumdem
1134 968 1351 1040 kalendarum
1376 969 1455 1039 diem

425 1117 566 1187 usquam
585 1107 683 1162 esset.
700 1121 717 1158 a
733 1095 914 1187 Suspectus
928 1107 959 1161 et
979 1093 1012 1160 in
1026 1106 1135 1160 monte
1148 1094 1264 1160 matris
1281 1089 1358 1178 suit,
1371 1091 1456 1184 qnasi

422 1239 517 1310 agrae
534 1215 673 1310 praeberi
687 1213 799 1282 cibum
812 1212 1051 1308 prohibuisset3
1066 1213 1264 1281 vaticinante
1277 1216 1376 1282 Catta
1391 1237 1457 1280 mu·

421 1335 520 1422 liene,
542 1337 596 1405 cui
615 1333 705 1404 velut
728 1331 866 1403 oraculo
888 1334 1132 1426 acquiescebat,
1155 1334 1230 1401 «iu
1251 1331 1386 1402 demum
1406 1333 1458 1402 lit·-

421 1461 521 1526 miter
546 1481 584 1525 ac
614 1454 798 1525 diutissime
826 1455 1085 1550 imperatunum,
1102 1453 1128 1521 si
1145 1467 1312 1547 superstes
1334 1457 1458 1548 parenti

419 1579 640 1648 exstitisset.»
666 1573 732 1648 Alii
756 1573 911 1659 tradunt,
935 1575 1039 1666 ipsam
1061 1573 1158 1642 tedio
1176 1576 1406 1668 praesentium,
1432 1591 1460 1645 et

423 1698 671 1768 imminentium
700 1711 807 1784 metu,
834 1719 1000 1763 venenum
1022 1717 1042 1764 a
1061 1693 1131 1763 lilio
1148 1697 1356 1790 impetrasse,
1376 1696 1460 1766 haud

421 1843 501 1889 sane
515 1817 703 1889 difficulter.

473 1945 549 2010 XV.
574 1946 704 2011 Octavo
731 1940 861 2034 imperii
882 1963 995 2008 mense
1011 1937 1224 2012 desciverunt
1248 1941 1291 2010 ab
1308 1965 1349 2010 eu
1374 1965 1463 2010 exer·

422 2065 508 2132 citus
537 2063 733 2132 Moesiarum
761 2075 864 2154 atque
900 2060 1099 2146 Pannoniae3
1124 2061 1205 2129 item
1235 2085 1274 2130 ex
1307 2071 1464 2132 transma-

422 2185 505 2252 rinis
528 2182 686 2253 luduicus
717 2199 752 2251 et
775 2183 930 2276 Syriacus
949 2205 956 2250 :
978 2205 1019 2249 ae
1045 2205 1122 2275 pars
1148 2183 1182 2250 in
1210 2181 1371 2269 absentis,
1390 2209 1465 2278 pam

422 2306 457 2373 in
480 2304 653 2399 praesentis
672 2304 869 2397 Vespasiani
891 2303 992 2376 verba
1004 2301 1171 2396 jurarunt.
1189 2302 1243 2372 Ad
1257 2303 1464 2374 retinendum

423 2448 504 2520 ergo
535 2439 722 2493 ceterorum
750 2424 923 2492 hominum
948 2421 1096 2492 studium
1126 2448 1165 2492 ac
1191 2423 1355 2512 favonem,
1385 2424 1464 2493 nihil

424 2571 492 2615 non
511 2543 644 2640 publice
656 2545 899 2639 privatimque,
913 2541 1006 2616 nullo
1022 2543 1174 2612 adhibito
1190 2543 1310 2632 modo,
1329 2542 1466 2641 largitus

423 2681 485 2736 est.
513 2664 681 2736 Dilectum
709 2691 844 2760 quoque
869 2689 908 2734 ea
927 2663 1119 2736 conditione
1146 2667 1181 2734 in
1210 2666 1303 2736 Urbe
1322 2669 1415 2763 egit,
1433 2681 1467 2736 ut

422 2785 620 2888 voluntariis
650 2813 718 2856 non
747 2786 849 2855 modo
876 2787 1067 2856 missionem
1088 2801 1164 2882 post
1191 2787 1383 2875 victoriam,
1413 2785 1468 2857 sed

424 2911 525 2976 etiam
555 2923 790 2977 veteranorum
810 2907 975 3001 justaeque
994 2905 1120 2976 militiae
1137 2907 1313 3000 commoda
1331 2905 1468 3003 pollice·

425 3043 527 3096 retum
545 3029 685 3123 Urgenti
702 3027 822 3097 deinde
840 3041 928 3096 tesca
947 3029 1099 3122 marique
1116 3029 1222 3116 hosti,
1241 3029 1320 3098 hinc
1333 3029 1470 3100 fiatrem

424 3175 501 3218 cnm
520 3148 624 3218 classe
642 3173 680 3218 ac
696 3149 862 3218 tironibus
879 3163 912 3217 et
933 3147 1157 3243 gladiatorum
1174 3173 1275 3218 manu
1294 3127 1471 3244 apposuit3

423 3271 502 3339 hinc
520 3283 553 3338 et
575 3271 794 3339 betriacenses
813 3271 926 3364 copias
946 3257 980 3338 et
1000 3268 1110 3340 duces.
1134 3273 1246 3364 Atque
1269 3269 1398 3364 ubique
1413 3285 1474 3339 ant

423 3403 613 3484 superatus,
635 3405 693 3458 aut
717 3389 887 3484 proditus,
903 3389 1045 3460 salutem
1062 3391 1125 3458 sibi
1150 3405 1184 3459 et
1207 3388 1328 3459 millies
1348 3406 1470 3460 sester-

424 3513 542 3580 tiuma
558 3509 672 3579 Flavio
685 3511 824 3598 Sabino,
835 3512 1031 3604 Vespasiani
1045 3509 1163 3598 fratre,
1182 3511 1329 3604 pepigit:
1346 3511 1472 3579 statim·

424 3657 489 3726 que
507 3657 569 3728 pro
589 3631 746 3726 gradibus
764 3630 881 3701 Palatii
911 3632 1002 3727 apud
1016 3631 1208 3727 frequentes
1227 3627 1367 3720 milites,
1382 3659 1400 3696 a
1415 3655 1471 3699 ce-

424 3753 503 3822 dere
527 3777 562 3821 se
586 3753 740 3847 imperio,
768 3752 860 3847 quod
879 3753 1002 3822 invitus
1029 3753 1252 3847 recepisset,s
1277 3751 1474 3846 professus,

425 3875 554 3944 cunctis
575 3873 851 3960 reclamantibus,
880 3899 949 3943 rem
978 3869 1122 3959 distulit;
1145 3897 1185 3942 ac
1205 3887 1303 3942 nocte
1321 3873 1475 3967 interpo-

426 3997 510 4080 sita,
542 3999 651 4089 primo
673 3993 820 4064 diluculo
842 3995 1030 4064 sordidatus
1055 3993 1228 4064 descendit
1253 3993 1296 4062 ad
1322 3997 1477 4070 Rostra,

425 4114 603 4208 multisque
620 4139 696 4184 cum
715 4113 866 4208 lacrymis
881 4114 994 4183 eadem
1015 4113 1088 4201 illa,
1106 4139 1219 4184 vuum
1238 4138 1257 4182 e
1273 4111 1402 4198 libello,
1430 4129 1482 4180 te-
