3108 5434
514 489 697 548 TIBERIUS.
1072 487 1126 546 133

86 639 169 704 nua,
191 612 357 708 ambiguis
378 617 545 708 responsis
565 629 599 684 et
617 614 735 684 callida
756 614 969 684 cunctatione
989 637 1128 710 suspen·

87 735 167 803 dens
185 759 194 800 ε
215 747 255 802 ut
270 731 408 826 quidam
427 734 622 828 patientiam
640 747 850 828 rumperent,
871 747 971 827 atque
990 759 1077 804 unua
1093 733 1128 802 in

88 851 235 922 tumultu
259 846 494 946 proclamaret,
514 857 609 924 «Aut
632 869 731 948 agat,
753 869 811 923 aut
834 852 992 922 desistat:
1008 883 1025 920 r
1043 852 1130 924 alter

89 997 200 1042 comm
218 971 455 1066 exprobraret,
473 976 651 1062 «Ceteros,
668 972 758 1067 quod
774 971 915 1068 polliciti
935 974 1021 1060 sint,
1037 972 1131 1044 tarde

91 1107 245 1184 prestare
270 1117 279 1161 τ
307 1090 365 1161 sed
390 1093 515 1188 ipsum,
538 1092 628 1186 quod
649 1107 800 1188 prestet,
825 1089 919 1162 tarde
938 1091 1130 1186 polliceri.»

90 1210 237 1281 Tandem
254 1212 351 1306 quasi
370 1227 521 1302 coactus,
539 1227 573 1282 et
587 1234 750 1307 querens,
768 1214 948 1282 «miseram
964 1227 997 1282 ct
1013 1235 1131 1282 onero-

90 1357 157 1400 sam
182 1333 315 1428 injungi
339 1333 402 1402 sibi
426 1335 634 1422 servitutem,
647 1363 665 1400 r
691 1335 816 1429 recepit
845 1334 1038 1430 imperium3
1067 1358 1129 1404 nec

90 1465 198 1520 tamen
214 1448 330 1540 aliter,
344 1477 444 1545 quam
457 1467 511 1540 ut,
523 1452 753 1546 depositurum
764 1479 800 1523 se
812 1452 1027 1547 quandoque,
1038 1477 1130 1547 spem

91 1570 222 1640 faceret.
240 1573 351 1666 Ipsius
367 1572 468 1642 verba
484 1587 586 1642 sunt:
606 1575 725 1642 «Dum
739 1545 868 1643 vediam
879 1573 921 1642 ad
933 1572 968 1641 id
983 1589 1130 1668 tempus,

91 1715 155 1783 quo
171 1690 269 1760 vobis
280 1715 412 1784 aequum
424 1692 528 1786 possit
540 1691 664 1777 videri,
683 1691 762 1760 dare
781 1716 841 1761 vos
855 1690 1001 1786 aliquam
1017 1717 1131 1764 senec-

93 1811 151 1878 tuti
169 1834 253 1878 meae
267 1811 427 1903 requiem.
444 1837 462 1874 s

135 1931 246 1999 XXV.
266 1929 456 2001 Cunctandi
471 1955 568 2000 causa
585 1944 657 2002 erat
673 1945 780 2001 metus
795 1930 942 2026 undique
958 1933 1132 2003 imminen-

94 2051 173 2118 tinm
182 2049 417 2118 discriminum
428 2075 437 2118 :
448 2063 486 2118 ut
495 2075 598 2145 sape,
609 2080 627 2116 α
639 2048 755 2145 lupum
769 2076 804 2120 se
819 2051 955 2122 auribus
970 2067 1103 2140 tenere,
1114 2081 1131 2116 s

94 2169 227 2238 diceret.
244 2169 334 2241 Nam
350 2182 384 2238 et
401 2191 514 2240 servus
531 2169 704 2266 Agrippae‚
720 2168 874 2242 Clemens
891 2173 1046 2259 nomine,
1063 2196 1131 2240 non

94 2289 370 2360 contemnendam
382 2313 519 2360 manum
532 2292 567 2359 in
581 2287 740 2360 ultionem
757 2289 884 2362 domini
900 2304 1130 2386 compararat:

95 2427 124 2478 et
140 2414 179 2480 L.
204 2410 399 2480 Scribonius
420 2409 519 2499 Libo,
535 2411 588 2478 vir
607 2409 742 2498 nobilis,
763 2436 815 2479 res
835 2435 937 2480 novas
956 2410 1039 2480 clam
1060 2435 1132 2480 mo-

95 2529 256 2600 liebatur:
269 2543 303 2598 et
316 2528 440 2624 duplex
452 2529 571 2600 seditio
584 2529 747 2618 militum,
766 2529 801 2598 in
817 2529 950 2624 Illyrico
959 2544 993 2599 et
1006 2530 1039 2598 in
1049 2532 1133 2600 Ger·

96 2653 222 2740 mania,
249 2663 365 2720 exorta
393 2664 453 2720 cst
478 2648 687 2746 Flagitabant
713 2651 813 2718 ambo
836 2650 999 2718 exercitus
1027 2646 1133 2718 multa

96 2788 183 2842 extra
210 2771 367 2841 ordinem
390 2795 399 2838 :
422 2783 498 2840 ante
524 2770 654 2859 omnia,
678 2783 717 2838 ut
737 2783 948 2863 aequarentur
966 2767 1133 2862 stipendio

97 2891 312 2985 pretorianis.
330 2889 577 2960 Germaniciani
598 2887 732 2984 quidem
753 2891 853 2961 etiam
873 2888 1058 2983 principem
1076 2886 1134 2956 de-

96 3011 296 3100 trectabant,
307 3034 375 3082 non
387 3035 408 3080 a
421 3030 457 3080 se
470 3009 602 3098 dutum,
615 3033 811 3105 summaque
826 3009 860 3078 vi
874 3004 1133 3097 Germanicum,

97 3133 147 3224 qui
162 3145 239 3200 tum
248 3131 290 3198 iis
301 3143 456 3224 praerat,
471 3128 513 3200 ad
522 3126 754 3224 capessendam
768 3126 1010 3222 rempublicam
1020 3151 1135 3220 perur-

97 3251 233 3342 gebant,
242 3271 444 3342 quamquam
458 3247 630 3320 obfirmate
645 3249 861 3318 resistentem.
873 3249 983 3336 Quem
993 3249 1135 3318 maxime

96 3393 206 3438 casnm
230 3369 372 3454 timens,
397 3381 506 3462 partes
528 3367 611 3454 sibi,
634 3386 716 3460 quas
733 3367 862 3439 senatui
880 3364 1016 3454 liberet,
1037 3381 1135 3436 tucn·

98 3489 154 3559 das
174 3491 209 3558 in
230 3487 402 3584 republica
418 3488 611 3584 depoposcit
630 3515 638 3557 ε
657 3488 791 3583 quando
809 3490 969 3558 universae
984 3489 1136 3558 sufficere

97 3607 184 3678 solus
203 3633 305 3678 nemo
323 3621 456 3702 posset,
473 3609 537 3678 nisi
556 3633 633 3678 cum
649 3606 775 3700 altero,
792 3607 844 3679 vel
862 3609 961 3678 etiam
974 3633 1051 3676 cum
1065 3605 1137 3702 plu·

97 3729 198 3796 ribus.
226 3725 404 3798 Simulavit
433 3741 468 3796 et
491 3725 731 3817 valetudinem,
758 3753 826 3821 quo
857 3728 1001 3824 aequiore
1025 3727 1137 3794 animo

98 3849 321 3918 Germanicus
340 3845 478 3916 celerem
497 3847 759 3934 successionem,
776 3846 827 3916 vel
841 3859 930 3916 certe
946 3847 1137 3915 societatem

97 3968 325 4061 principatus,
345 3968 564 4063 opperiretur.
584 3970 785 4062 Compositis
804 3967 1038 4068 seditionibus,
1058 3962 1135 4034 Cle·
1164 4045 1165 4050 ἵ

98 4101 248 4156 mentem
268 4113 399 4182 quoque
418 4087 533 4158 fraude
546 4088 722 4183 deceptum
739 4089 865 4183 redegit
881 4089 914 4156 in
928 4099 1135 4180 potestatem.
