<?xml version="1.0" encoding="UTF-8"?>
<!DOCTYPE html PUBLIC "-//W3C//DTD XHTML 1.0 Transitional//EN"
    "http://www.w3.org/TR/xhtml1/DTD/xhtml1-transitional.dtd">
<html xmlns="http://www.w3.org/1999/xhtml" xml:lang="en" lang="en">
 <head>
  <title>
</title>
<meta http-equiv="Content-Type" content="text/html;charset=utf-8" />
  <meta name='ocr-system' content='tesseract 3.04.00' />
  <meta name='ocr-capabilities' content='ocr_page ocr_carea ocr_par ocr_line ocrx_word'/>
</head>
<body>
  <div class='ocr_page' id='page_1' title='image "./caiisuetonitran00grosgoog_0167.png"; bbox 0 0 3212 5446; ppageno 0'>
   <div class='ocr_carea' id='block_1_1' title="bbox 382 443 1008 500">
    <p class='ocr_par' dir='ltr' id='par_1_1' title="bbox 382 443 1008 500">
     <span class='ocr_line' id='line_1_1' title="bbox 382 443 1008 500; baseline 0 0"><span class='ocrx_word' id='word_1_1' title='bbox 382 443 436 500; x_wconf 77' lang='lat'>138</span> <span class='ocrx_word' id='word_1_2' title='bbox 783 445 813 498; x_wconf 89' lang='lat' dir='ltr'>C.</span> <span class='ocrx_word' id='word_1_3' title='bbox 834 444 1008 500; x_wconf 77' lang='lat' dir='ltr'>sunroun</span> 
     </span>
    </p>
   </div>
   <div class='ocr_carea' id='block_1_2' title="bbox 377 567 1417 3652">
    <p class='ocr_par' dir='ltr' id='par_1_2' title="bbox 377 567 1416 2673">
     <span class='ocr_line' id='line_1_2' title="bbox 428 567 1412 663; baseline -0.002 -27"><span class='ocrx_word' id='word_1_4' title='bbox 428 570 583 638; x_wconf 83' lang='lat' dir='ltr'><strong>XXXIV.</strong></span> <span class='ocrx_word' id='word_1_5' title='bbox 602 567 773 637; x_wconf 88' lang='lat' dir='ltr'>Lndorum</span> <span class='ocrx_word' id='word_1_6' title='bbox 793 593 832 638; x_wconf 91' lang='lat' dir='ltr'>ac</span> <span class='ocrx_word' id='word_1_7' title='bbox 854 593 1030 638; x_wconf 88' lang='lat' dir='ltr'>munerum</span> <span class='ocrx_word' id='word_1_8' title='bbox 1050 568 1214 663; x_wconf 87' lang='lat' dir='ltr'>impensas</span> <span class='ocrx_word' id='word_1_9' title='bbox 1234 567 1412 661; x_wconf 90' lang='lat' dir='ltr'>corripuit,</span> 
     </span>
     <span class='ocr_line' id='line_1_3' title="bbox 381 686 1413 784; baseline 0 -28"><span class='ocrx_word' id='word_1_10' title='bbox 381 687 585 758; x_wconf 81' lang='lat' dir='ltr'>mercedibus</span> <span class='ocrx_word' id='word_1_11' title='bbox 602 689 806 758; x_wconf 86' lang='lat' dir='ltr'>scenicorum</span> <span class='ocrx_word' id='word_1_12' title='bbox 827 691 955 779; x_wconf 89' lang='lat' dir='ltr'>recisis,</span> <span class='ocrx_word' id='word_1_13' title='bbox 972 691 1174 784; x_wconf 86' lang='lat' dir='ltr'>paribusque</span> <span class='ocrx_word' id='word_1_14' title='bbox 1191 686 1413 783; x_wconf 83' lang='lat' dir='ltr'>gladiatorum</span> 
     </span>
     <span class='ocr_line' id='line_1_4' title="bbox 381 806 1412 881; baseline -0.002 -5"><span class='ocrx_word' id='word_1_15' title='bbox 381 807 423 876; x_wconf 87' lang='lat' dir='ltr'>ad</span> <span class='ocrx_word' id='word_1_16' title='bbox 447 823 574 877; x_wconf 79' lang='lat' dir='ltr'>certum</span> <span class='ocrx_word' id='word_1_17' title='bbox 598 833 774 879; x_wconf 90' lang='lat' dir='ltr'>numerum</span> <span class='ocrx_word' id='word_1_18' title='bbox 805 808 956 881; x_wconf 86' lang='lat' dir='ltr'>redactis.</span> <span class='ocrx_word' id='word_1_19' title='bbox 983 806 1231 880; x_wconf 87' lang='lat' dir='ltr'>Corinthiorum</span> <span class='ocrx_word' id='word_1_20' title='bbox 1255 831 1412 876; x_wconf 85' lang='lat' dir='ltr'>vasomm</span> 
     </span>
     <span class='ocr_line' id='line_1_5' title="bbox 381 926 1415 1021; baseline -0.001 -26"><span class='ocrx_word' id='word_1_21' title='bbox 381 929 486 1020; x_wconf 86' lang='lat' dir='ltr'>pretia</span> <span class='ocrx_word' id='word_1_22' title='bbox 503 929 539 997; x_wconf 89' lang='lat' dir='ltr'>in</span> <span class='ocrx_word' id='word_1_23' title='bbox 556 929 752 998; x_wconf 89' lang='lat' dir='ltr'>immensum</span> <span class='ocrx_word' id='word_1_24' title='bbox 770 931 942 1017; x_wconf 83' lang='lat' dir='ltr'>exarsisse,</span> <span class='ocrx_word' id='word_1_25' title='bbox 964 945 1097 1021; x_wconf 82' lang='lat' dir='ltr'>tresque</span> <span class='ocrx_word' id='word_1_26' title='bbox 1120 926 1238 996; x_wconf 84' lang='lat' dir='ltr'>mullos</span> <span class='ocrx_word' id='word_1_27' title='bbox 1257 952 1321 995; x_wconf 76' lang='lat' dir='ltr'>xxx</span> <span class='ocrx_word' id='word_1_28' title='bbox 1342 926 1415 994; x_wconf 92' lang='lat' dir='ltr'>mil·</span> 
     </span>
     <span class='ocr_line' id='line_1_6' title="bbox 380 1047 1415 1145; baseline 0 -29"><span class='ocrx_word' id='word_1_29' title='bbox 380 1047 465 1117; x_wconf 90' lang='lat' dir='ltr'>libus</span> <span class='ocrx_word' id='word_1_30' title='bbox 491 1074 663 1118; x_wconf 91' lang='lat' dir='ltr'>nummum</span> <span class='ocrx_word' id='word_1_31' title='bbox 687 1051 830 1139; x_wconf 88' lang='lat' dir='ltr'>venisse,</span> <span class='ocrx_word' id='word_1_32' title='bbox 853 1051 996 1145; x_wconf 84' lang='lat' dir='ltr'>graviter</span> <span class='ocrx_word' id='word_1_33' title='bbox 1016 1063 1229 1142; x_wconf 84' lang='lat' dir='ltr'><strong>conquestus,</strong></span> <span class='ocrx_word' id='word_1_34' title='bbox 1254 1047 1415 1116; x_wconf 90' lang='lat' dir='ltr'>adhiben-</span> 
     </span>
     <span class='ocr_line' id='line_1_7' title="bbox 381 1165 1412 1264; baseline -0.003 -28"><span class='ocrx_word' id='word_1_35' title='bbox 381 1167 460 1238; x_wconf 91' lang='lat' dir='ltr'>dum</span> <span class='ocrx_word' id='word_1_36' title='bbox 481 1169 674 1264; x_wconf 85' lang='lat' dir='ltr'>supellectili</span> <span class='ocrx_word' id='word_1_37' title='bbox 694 1169 829 1239; x_wconf 92' lang='lat' dir='ltr'>modum</span> <span class='ocrx_word' id='word_1_38' title='bbox 853 1171 995 1257; x_wconf 90' lang='lat' dir='ltr'>censuit,</span> <span class='ocrx_word' id='word_1_39' title='bbox 1015 1191 1246 1260; x_wconf 82' lang='lat' dir='ltr'>annonamque</span> <span class='ocrx_word' id='word_1_40' title='bbox 1263 1165 1412 1254; x_wconf 82' lang='lat' dir='ltr'>macelli,</span> 
     </span>
     <span class='ocr_line' id='line_1_8' title="bbox 380 1287 1413 1384; baseline -0.002 -28"><span class='ocrx_word' id='word_1_41' title='bbox 380 1305 512 1359; x_wconf 86' lang='lat' dir='ltr'>senatus</span> <span class='ocrx_word' id='word_1_42' title='bbox 539 1293 716 1380; x_wconf 89' lang='lat' dir='ltr'>arbitratu,</span> <span class='ocrx_word' id='word_1_43' title='bbox 743 1291 919 1384; x_wconf 83' lang='lat' dir='ltr'>quotannis</span> <span class='ocrx_word' id='word_1_44' title='bbox 942 1288 1208 1382; x_wconf 81' lang='lat' dir='ltr'>temperandam3</span> <span class='ocrx_word' id='word_1_45' title='bbox 1235 1287 1313 1356; x_wconf 89' lang='lat' dir='ltr'>dato</span> <span class='ocrx_word' id='word_1_46' title='bbox 1335 1287 1413 1354; x_wconf 73' lang='lat' dir='ltr'>aedi-</span> 
     </span>
     <span class='ocr_line' id='line_1_9' title="bbox 381 1407 1414 1504; baseline -0.002 -28"><span class='ocrx_word' id='word_1_47' title='bbox 381 1408 465 1477; x_wconf 90' lang='lat' dir='ltr'>libus</span> <span class='ocrx_word' id='word_1_48' title='bbox 483 1413 615 1504; x_wconf 82' lang='lat' dir='ltr'>negotio</span> <span class='ocrx_word' id='word_1_49' title='bbox 630 1412 768 1504; x_wconf 82' lang='lat' dir='ltr'>popinas</span> <span class='ocrx_word' id='word_1_50' title='bbox 785 1429 971 1503; x_wconf 81' lang='lat' dir='ltr'>ganeasque</span> <span class='ocrx_word' id='word_1_51' title='bbox 989 1432 1095 1500; x_wconf 90' lang='lat' dir='ltr'>usque</span> <span class='ocrx_word' id='word_1_52' title='bbox 1112 1431 1152 1475; x_wconf 91' lang='lat' dir='ltr'>eo</span> <span class='ocrx_word' id='word_1_53' title='bbox 1171 1407 1357 1496; x_wconf 89' lang='lat' dir='ltr'>inhibendi,</span> <span class='ocrx_word' id='word_1_54' title='bbox 1375 1423 1414 1475; x_wconf 93' lang='lat' dir='ltr'>ut</span> 
     </span>
     <span class='ocr_line' id='line_1_10' title="bbox 381 1525 1414 1624; baseline -0.002 -26"><span class='ocrx_word' id='word_1_55' title='bbox 381 1554 423 1598; x_wconf 88' lang='lat' dir='ltr'>ne</span> <span class='ocrx_word' id='word_1_56' title='bbox 445 1555 547 1624; x_wconf 89' lang='lat' dir='ltr'>opera</span> <span class='ocrx_word' id='word_1_57' title='bbox 569 1529 702 1623; x_wconf 87' lang='lat' dir='ltr'>quidem</span> <span class='ocrx_word' id='word_1_58' title='bbox 726 1530 864 1622; x_wconf 87' lang='lat' dir='ltr'>pistoria</span> <span class='ocrx_word' id='word_1_59' title='bbox 883 1529 1024 1622; x_wconf 92' lang='lat' dir='ltr'>proponi</span> <span class='ocrx_word' id='word_1_60' title='bbox 1043 1525 1173 1595; x_wconf 89' lang='lat' dir='ltr'>venalia</span> <span class='ocrx_word' id='word_1_61' title='bbox 1194 1528 1349 1596; x_wconf 82' lang='lat' dir='ltr'>sinerent.</span> <span class='ocrx_word' id='word_1_62' title='bbox 1371 1532 1414 1598; x_wconf 86' lang='lat' dir='ltr'>Et</span> 
     </span>
     <span class='ocr_line' id='line_1_11' title="bbox 381 1647 1415 1744; baseline -0.002 -26"><span class='ocrx_word' id='word_1_63' title='bbox 381 1663 417 1718; x_wconf 90' lang='lat' dir='ltr'>ut</span> <span class='ocrx_word' id='word_1_64' title='bbox 433 1651 670 1744; x_wconf 87' lang='lat' dir='ltr'>parcimoniam</span> <span class='ocrx_word' id='word_1_65' title='bbox 689 1649 856 1743; x_wconf 87' lang='lat' dir='ltr'>publicam</span> <span class='ocrx_word' id='word_1_66' title='bbox 876 1647 1026 1740; x_wconf 80' lang='lat' dir='ltr'>exemplo</span> <span class='ocrx_word' id='word_1_67' title='bbox 1044 1671 1176 1740; x_wconf 89' lang='lat' dir='ltr'>quoquc</span> <span class='ocrx_word' id='word_1_68' title='bbox 1192 1649 1344 1740; x_wconf 84' lang='lat' dir='ltr'>juvaret,</span> <span class='ocrx_word' id='word_1_69' title='bbox 1362 1673 1415 1716; x_wconf 90' lang='lat' dir='ltr'>so-</span> 
     </span>
     <span class='ocr_line' id='line_1_12' title="bbox 380 1767 1414 1862; baseline -0.001 -26"><span class='ocrx_word' id='word_1_70' title='bbox 380 1767 541 1838; x_wconf 90' lang='lat' dir='ltr'>lemnibus</span> <span class='ocrx_word' id='word_1_71' title='bbox 565 1769 635 1862; x_wconf 92' lang='lat' dir='ltr'>ipse</span> <span class='ocrx_word' id='word_1_72' title='bbox 658 1769 759 1838; x_wconf 87' lang='lat' dir='ltr'>coenis</span> <span class='ocrx_word' id='word_1_73' title='bbox 781 1767 934 1860; x_wconf 89' lang='lat' dir='ltr'>pridiana</span> <span class='ocrx_word' id='word_1_74' title='bbox 957 1791 1043 1861; x_wconf 85' lang='lat' dir='ltr'>saepc</span> <span class='ocrx_word' id='word_1_75' title='bbox 1067 1791 1106 1836; x_wconf 86' lang='lat' dir='ltr'>ac</span> <span class='ocrx_word' id='word_1_76' title='bbox 1129 1789 1255 1834; x_wconf 88' lang='lat' dir='ltr'>semesa</span> <span class='ocrx_word' id='word_1_77' title='bbox 1274 1767 1414 1836; x_wconf 89' lang='lat' dir='ltr'>obsonia</span> 
     </span>
     <span class='ocr_line' id='line_1_13' title="bbox 381 1885 1413 1982; baseline 0 -28"><span class='ocrx_word' id='word_1_78' title='bbox 381 1889 550 1980; x_wconf 89' lang='lat' dir='ltr'>apposuit,</span> <span class='ocrx_word' id='word_1_79' title='bbox 569 1887 842 1982; x_wconf 86' lang='lat' dir='ltr'>dimidiatumque</span> <span class='ocrx_word' id='word_1_80' title='bbox 862 1911 994 1981; x_wconf 81' lang='lat' dir='ltr'>aprum3</span> <span class='ocrx_word' id='word_1_81' title='bbox 1018 1885 1199 1973; x_wconf 88' lang='lat' dir='ltr'>affirmans,</span> <span class='ocrx_word' id='word_1_82' title='bbox 1222 1887 1335 1954; x_wconf 89' lang='lat' dir='ltr'>omnia</span> <span class='ocrx_word' id='word_1_83' title='bbox 1357 1909 1413 1954; x_wconf 85' lang='lat' dir='ltr'>aa·</span> 
     </span>
     <span class='ocr_line' id='line_1_14' title="bbox 381 2005 1416 2100; baseline 0.003 -27"><span class='ocrx_word' id='word_1_84' title='bbox 381 2007 455 2074; x_wconf 92' lang='lat' dir='ltr'>dem</span> <span class='ocrx_word' id='word_1_85' title='bbox 486 2008 623 2096; x_wconf 90' lang='lat' dir='ltr'>habere,</span> <span class='ocrx_word' id='word_1_86' title='bbox 651 2033 723 2100; x_wconf 85' lang='lat' dir='ltr'>quae</span> <span class='ocrx_word' id='word_1_87' title='bbox 745 2022 860 2078; x_wconf 90' lang='lat' dir='ltr'>totum.</span> <span class='ocrx_word' id='word_1_88' title='bbox 883 2005 1087 2096; x_wconf 87' lang='lat' dir='ltr'>Quotidiana</span> <span class='ocrx_word' id='word_1_89' title='bbox 1109 2005 1220 2075; x_wconf 88' lang='lat' dir='ltr'>oscula</span> <span class='ocrx_word' id='word_1_90' title='bbox 1243 2006 1416 2100; x_wconf 90' lang='lat' dir='ltr'>prohibuit</span> 
     </span>
     <span class='ocr_line' id='line_1_15' title="bbox 381 2124 1414 2215; baseline 0.002 -21"><span class='ocrx_word' id='word_1_91' title='bbox 381 2127 510 2196; x_wconf 88' lang='lat' dir='ltr'>edicto:</span> <span class='ocrx_word' id='word_1_92' title='bbox 529 2130 622 2215; x_wconf 90' lang='lat' dir='ltr'>item,</span> <span class='ocrx_word' id='word_1_93' title='bbox 640 2143 823 2197; x_wconf 89' lang='lat' dir='ltr'>strenarum</span> <span class='ocrx_word' id='word_1_94' title='bbox 840 2129 1076 2196; x_wconf 87' lang='lat' dir='ltr'>commercium</span> <span class='ocrx_word' id='word_1_95' title='bbox 1095 2151 1138 2194; x_wconf 89' lang='lat' dir='ltr'>ne</span> <span class='ocrx_word' id='word_1_96' title='bbox 1156 2125 1244 2196; x_wconf 91' lang='lat' dir='ltr'>ultra</span> <span class='ocrx_word' id='word_1_97' title='bbox 1257 2124 1414 2196; x_wconf 82' lang='lat' dir='ltr'>kalendas</span> 
     </span>
     <span class='ocr_line' id='line_1_16' title="bbox 377 2245 1414 2340; baseline 0 -26"><span class='ocrx_word' id='word_1_98' title='bbox 377 2249 546 2339; x_wconf 86' lang='lat' dir='ltr'>januarias</span> <span class='ocrx_word' id='word_1_99' title='bbox 561 2261 780 2316; x_wconf 86' lang='lat' dir='ltr'>exerceretur.</span> <span class='ocrx_word' id='word_1_100' title='bbox 797 2249 982 2316; x_wconf 90' lang='lat' dir='ltr'>Consuerat</span> <span class='ocrx_word' id='word_1_101' title='bbox 1000 2245 1221 2340; x_wconf 88' lang='lat' dir='ltr'>quadruplam</span> <span class='ocrx_word' id='word_1_102' title='bbox 1246 2261 1414 2334; x_wconf 91' lang='lat' dir='ltr'>strenam,</span> 
     </span>
     <span class='ocr_line' id='line_1_17' title="bbox 381 2363 1415 2458; baseline 0 -24"><span class='ocrx_word' id='word_1_103' title='bbox 381 2365 470 2434; x_wconf 90' lang='lat' dir='ltr'>etde</span> <span class='ocrx_word' id='word_1_104' title='bbox 487 2389 606 2453; x_wconf 90' lang='lat' dir='ltr'>manu,</span> <span class='ocrx_word' id='word_1_105' title='bbox 623 2365 761 2434; x_wconf 89' lang='lat' dir='ltr'>reddere</span> <span class='ocrx_word' id='word_1_106' title='bbox 783 2392 790 2433; x_wconf 92' lang='lat'><strong>:</strong></span> <span class='ocrx_word' id='word_1_107' title='bbox 815 2366 872 2434; x_wconf 89' lang='lat' dir='ltr'>sed</span> <span class='ocrx_word' id='word_1_108' title='bbox 889 2365 1050 2452; x_wconf 83' lang='lat' dir='ltr'>offensus,</span> <span class='ocrx_word' id='word_1_109' title='bbox 1067 2363 1270 2458; x_wconf 88' lang='lat' dir='ltr'>interpellari</span> <span class='ocrx_word' id='word_1_110' title='bbox 1290 2391 1325 2434; x_wconf 89' lang='lat' dir='ltr'>se</span> <span class='ocrx_word' id='word_1_111' title='bbox 1344 2381 1415 2434; x_wconf 89' lang='lat' dir='ltr'>toto</span> 
     </span>
     <span class='ocr_line' id='line_1_18' title="bbox 380 2481 1414 2578; baseline 0 -26"><span class='ocrx_word' id='word_1_112' title='bbox 380 2509 492 2554; x_wconf 89' lang='lat' dir='ltr'>mense</span> <span class='ocrx_word' id='word_1_113' title='bbox 500 2485 543 2553; x_wconf 90' lang='lat' dir='ltr'>ab</span> <span class='ocrx_word' id='word_1_114' title='bbox 553 2487 607 2571; x_wconf 90' lang='lat' dir='ltr'>iis,</span> <span class='ocrx_word' id='word_1_115' title='bbox 616 2486 673 2577; x_wconf 94' lang='lat' dir='ltr'>qui</span> <span class='ocrx_word' id='word_1_116' title='bbox 688 2499 884 2578; x_wconf 89' lang='lat' dir='ltr'>potestatem</span> <span class='ocrx_word' id='word_1_117' title='bbox 898 2485 947 2552; x_wconf 92' lang='lat' dir='ltr'>sui</span> <span class='ocrx_word' id='word_1_118' title='bbox 962 2483 1015 2552; x_wconf 92' lang='lat' dir='ltr'>die</span> <span class='ocrx_word' id='word_1_119' title='bbox 1028 2481 1111 2552; x_wconf 83' lang='lat' dir='ltr'>festo</span> <span class='ocrx_word' id='word_1_120' title='bbox 1125 2507 1193 2552; x_wconf 90' lang='lat' dir='ltr'>non</span> <span class='ocrx_word' id='word_1_121' title='bbox 1205 2485 1414 2572; x_wconf 84' lang='lat' dir='ltr'>habuissent,</span> 
     </span>
     <span class='ocr_line' id='line_1_19' title="bbox 380 2603 654 2673; baseline -0.004 0"><span class='ocrx_word' id='word_1_122' title='bbox 380 2603 466 2673; x_wconf 91' lang='lat' dir='ltr'>ultra</span> <span class='ocrx_word' id='word_1_123' title='bbox 482 2630 549 2673; x_wconf 91' lang='lat' dir='ltr'>non</span> <span class='ocrx_word' id='word_1_124' title='bbox 568 2603 654 2673; x_wconf 91' lang='lat' dir='ltr'>tulit.</span> 
     </span>
    </p>

    <p class='ocr_par' dir='ltr' id='par_1_3' title="bbox 379 2721 1417 3652">
     <span class='ocr_line' id='line_1_20' title="bbox 427 2721 1417 2818; baseline -0.004 -24"><span class='ocrx_word' id='word_1_125' title='bbox 427 2727 567 2795; x_wconf 89' lang='lat' dir='ltr'><strong>XXXV.</strong></span> <span class='ocrx_word' id='word_1_126' title='bbox 583 2727 754 2794; x_wconf 81' lang='lat' dir='ltr'>Matronae</span> <span class='ocrx_word' id='word_1_127' title='bbox 767 2735 938 2818; x_wconf 67' lang='lat' dir='ltr'>prostratae</span> <span class='ocrx_word' id='word_1_128' title='bbox 955 2721 1135 2814; x_wconf 76' lang='lat' dir='ltr'>pudicitia,</span> <span class='ocrx_word' id='word_1_129' title='bbox 1151 2722 1270 2814; x_wconf 90' lang='lat' dir='ltr'>quibus</span> <span class='ocrx_word' id='word_1_130' title='bbox 1285 2747 1417 2791; x_wconf 89' lang='lat' dir='ltr'>accusa·</span> 
     </span>
     <span class='ocr_line' id='line_1_21' title="bbox 380 2841 1416 2936; baseline -0.003 -24"><span class='ocrx_word' id='word_1_131' title='bbox 380 2861 432 2912; x_wconf 88' lang='lat' dir='ltr'>tor</span> <span class='ocrx_word' id='word_1_132' title='bbox 450 2843 601 2936; x_wconf 92' lang='lat' dir='ltr'>publicus</span> <span class='ocrx_word' id='word_1_133' title='bbox 620 2843 761 2932; x_wconf 87' lang='lat' dir='ltr'>deesset,</span> <span class='ocrx_word' id='word_1_134' title='bbox 786 2857 824 2911; x_wconf 92' lang='lat' dir='ltr'>ut</span> <span class='ocrx_word' id='word_1_135' title='bbox 842 2841 1041 2936; x_wconf 91' lang='lat' dir='ltr'>propinqui,</span> <span class='ocrx_word' id='word_1_136' title='bbox 1060 2865 1153 2908; x_wconf 89' lang='lat' dir='ltr'>more</span> <span class='ocrx_word' id='word_1_137' title='bbox 1175 2842 1354 2934; x_wconf 86' lang='lat' dir='ltr'>majorum,</span> <span class='ocrx_word' id='word_1_138' title='bbox 1372 2841 1416 2910; x_wconf 92' lang='lat' dir='ltr'>de</span> 
     </span>
     <span class='ocr_line' id='line_1_22' title="bbox 379 2959 1416 3052; baseline -0.002 -21"><span class='ocrx_word' id='word_1_139' title='bbox 379 2963 546 3032; x_wconf 87' lang='lat' dir='ltr'>communi</span> <span class='ocrx_word' id='word_1_140' title='bbox 570 2965 733 3030; x_wconf 89' lang='lat' dir='ltr'>sententia</span> <span class='ocrx_word' id='word_1_141' title='bbox 756 2976 965 3049; x_wconf 83' lang='lat' dir='ltr'>coercerent,</span> <span class='ocrx_word' id='word_1_142' title='bbox 987 2975 1103 3029; x_wconf 89' lang='lat' dir='ltr'>auctor</span> <span class='ocrx_word' id='word_1_143' title='bbox 1127 2959 1199 3028; x_wconf 90' lang='lat' dir='ltr'>fuit.</span> <span class='ocrx_word' id='word_1_144' title='bbox 1225 2962 1338 3052; x_wconf 88' lang='lat' dir='ltr'>Equiti</span> <span class='ocrx_word' id='word_1_145' title='bbox 1362 2985 1416 3029; x_wconf 90' lang='lat' dir='ltr'>ro·</span> 
     </span>
     <span class='ocr_line' id='line_1_23' title="bbox 380 3079 1415 3175; baseline -0.001 -26"><span class='ocrx_word' id='word_1_146' title='bbox 380 3107 477 3150; x_wconf 90' lang='lat' dir='ltr'>mano</span> <span class='ocrx_word' id='word_1_147' title='bbox 502 3081 717 3174; x_wconf 85' lang='lat' dir='ltr'>jurisjurandi</span> <span class='ocrx_word' id='word_1_148' title='bbox 743 3082 880 3175; x_wconf 81' lang='lat' dir='ltr'>gratiam</span> <span class='ocrx_word' id='word_1_149' title='bbox 909 3079 999 3168; x_wconf 87' lang='lat' dir='ltr'>fecit,</span> <span class='ocrx_word' id='word_1_150' title='bbox 1024 3095 1063 3148; x_wconf 92' lang='lat' dir='ltr'>ut</span> <span class='ocrx_word' id='word_1_151' title='bbox 1085 3100 1224 3148; x_wconf 81' lang='lat' dir='ltr'>uxorem</span> <span class='ocrx_word' id='word_1_152' title='bbox 1243 3080 1278 3146; x_wconf 95' lang='lat' dir='ltr'>in</span> <span class='ocrx_word' id='word_1_153' title='bbox 1298 3095 1415 3174; x_wconf 87' lang='lat' dir='ltr'>stupro</span> 
     </span>
     <span class='ocr_line' id='line_1_24' title="bbox 380 3200 1415 3295; baseline 0.001 -27"><span class='ocrx_word' id='word_1_154' title='bbox 380 3202 490 3295; x_wconf 84' lang='lat' dir='ltr'>generi</span> <span class='ocrx_word' id='word_1_155' title='bbox 514 3215 717 3294; x_wconf 90' lang='lat' dir='ltr'>compertam</span> <span class='ocrx_word' id='word_1_156' title='bbox 739 3200 940 3289; x_wconf 88' lang='lat' dir='ltr'>dimitteret,</span> <span class='ocrx_word' id='word_1_157' title='bbox 959 3225 1058 3293; x_wconf 88' lang='lat' dir='ltr'>quam</span> <span class='ocrx_word' id='word_1_158' title='bbox 1073 3225 1109 3268; x_wconf 89' lang='lat' dir='ltr'>se</span> <span class='ocrx_word' id='word_1_159' title='bbox 1125 3225 1296 3293; x_wconf 89' lang='lat' dir='ltr'>nunquam</span> <span class='ocrx_word' id='word_1_160' title='bbox 1315 3225 1415 3295; x_wconf 88' lang='lat' dir='ltr'>repu-</span> 
     </span>
     <span class='ocr_line' id='line_1_25' title="bbox 379 3320 1414 3414; baseline -0.001 -25"><span class='ocrx_word' id='word_1_161' title='bbox 379 3322 564 3407; x_wconf 90' lang='lat' dir='ltr'>diaturum,</span> <span class='ocrx_word' id='word_1_162' title='bbox 585 3335 661 3388; x_wconf 90' lang='lat' dir='ltr'>ante</span> <span class='ocrx_word' id='word_1_163' title='bbox 683 3322 861 3414; x_wconf 88' lang='lat' dir='ltr'>juraverat.</span> <span class='ocrx_word' id='word_1_164' title='bbox 885 3322 1027 3389; x_wconf 76' lang='lat' dir='ltr'>Feminae</span> <span class='ocrx_word' id='word_1_165' title='bbox 1048 3320 1197 3408; x_wconf 82' lang='lat' dir='ltr'>famosae,</span> <span class='ocrx_word' id='word_1_166' title='bbox 1218 3335 1256 3388; x_wconf 90' lang='lat' dir='ltr'>ut</span> <span class='ocrx_word' id='word_1_167' title='bbox 1279 3320 1321 3388; x_wconf 90' lang='lat' dir='ltr'>ad</span> <span class='ocrx_word' id='word_1_168' title='bbox 1345 3323 1414 3389; x_wconf 89' lang='lat' dir='ltr'>evi·</span> 
     </span>
     <span class='ocr_line' id='line_1_26' title="bbox 379 3439 1415 3534; baseline 0 -26"><span class='ocrx_word' id='word_1_169' title='bbox 379 3440 495 3509; x_wconf 78' lang='lat' dir='ltr'>tandas</span> <span class='ocrx_word' id='word_1_170' title='bbox 519 3439 629 3533; x_wconf 83' lang='lat' dir='ltr'>legum</span> <span class='ocrx_word' id='word_1_171' title='bbox 643 3465 755 3532; x_wconf 88' lang='lat' dir='ltr'>poenas</span> <span class='ocrx_word' id='word_1_172' title='bbox 772 3441 847 3534; x_wconf 91' lang='lat' dir='ltr'>jure</span> <span class='ocrx_word' id='word_1_173' title='bbox 868 3465 907 3508; x_wconf 90' lang='lat' dir='ltr'>ac</span> <span class='ocrx_word' id='word_1_174' title='bbox 931 3439 1092 3534; x_wconf 85' lang='lat' dir='ltr'>dignitate</span> <span class='ocrx_word' id='word_1_175' title='bbox 1112 3439 1287 3508; x_wconf 84' lang='lat' dir='ltr'>matronali</span> <span class='ocrx_word' id='word_1_176' title='bbox 1307 3440 1415 3509; x_wconf 89' lang='lat' dir='ltr'>exsol-</span> 
     </span>
     <span class='ocr_line' id='line_1_27' title="bbox 379 3557 1415 3652; baseline 0.003 -26"><span class='ocrx_word' id='word_1_177' title='bbox 379 3573 548 3646; x_wconf 90' lang='lat' dir='ltr'>verentur,</span> <span class='ocrx_word' id='word_1_178' title='bbox 562 3557 762 3627; x_wconf 90' lang='lat' dir='ltr'>lenocinium</span> <span class='ocrx_word' id='word_1_179' title='bbox 775 3559 923 3652; x_wconf 90' lang='lat' dir='ltr'>profiteri</span> <span class='ocrx_word' id='word_1_180' title='bbox 936 3573 1125 3652; x_wconf 85' lang='lat' dir='ltr'>coeperant:</span> <span class='ocrx_word' id='word_1_181' title='bbox 1144 3573 1177 3626; x_wconf 92' lang='lat' dir='ltr'>ct</span> <span class='ocrx_word' id='word_1_182' title='bbox 1188 3583 1229 3626; x_wconf 80' lang='lat' dir='ltr'>ex</span> <span class='ocrx_word' id='word_1_183' title='bbox 1239 3560 1415 3652; x_wconf 86' lang='lat' dir='ltr'>juventute</span> 
     </span>
    </p>
   </div>
   <div class='ocr_carea' id='block_1_3' title="bbox 269 3677 1414 3777">
    <p class='ocr_par' dir='ltr' id='par_1_4' title="bbox 269 3677 1414 3777">
     <span class='ocr_line' id='line_1_28' title="bbox 269 3677 1414 3777; baseline 0.003 -31"><span class='ocrx_word' id='word_1_184' title='bbox 269 3741 280 3756; x_wconf 80' lang='grc'><em>,</em></span> <span class='ocrx_word' id='word_1_185' title='bbox 378 3680 548 3771; x_wconf 91' lang='lat' dir='ltr'>utriusque</span> <span class='ocrx_word' id='word_1_186' title='bbox 569 3677 694 3745; x_wconf 89' lang='lat' dir='ltr'>ordinis</span> <span class='ocrx_word' id='word_1_187' title='bbox 717 3678 1015 3777; x_wconf 69' lang='lat' dir='ltr'>profligatissimus¹</span> <span class='ocrx_word' id='word_1_188' title='bbox 1028 3680 1186 3771; x_wconf 89' lang='lat' dir='ltr'>quisque,</span> <span class='ocrx_word' id='word_1_189' title='bbox 1209 3705 1277 3772; x_wconf 93' lang='lat' dir='ltr'>quo</span> <span class='ocrx_word' id='word_1_190' title='bbox 1304 3681 1414 3750; x_wconf 89' lang='lat' dir='ltr'>minus</span> 
     </span>
    </p>
   </div>
   <div class='ocr_carea' id='block_1_4' title="bbox 379 3796 1415 4132">
    <p class='ocr_par' dir='ltr' id='par_1_5' title="bbox 379 3796 1415 4132">
     <span class='ocr_line' id='line_1_29' title="bbox 379 3796 1414 3891; baseline 0.004 -27"><span class='ocrx_word' id='word_1_191' title='bbox 379 3799 413 3865; x_wconf 94' lang='lat' dir='ltr'>in</span> <span class='ocrx_word' id='word_1_192' title='bbox 435 3823 537 3891; x_wconf 89' lang='lat' dir='ltr'>opera</span> <span class='ocrx_word' id='word_1_193' title='bbox 554 3821 658 3866; x_wconf 83' lang='lat' dir='ltr'>scenae</span> <span class='ocrx_word' id='word_1_194' title='bbox 680 3820 852 3891; x_wconf 82' lang='lat' dir='ltr'>arenaeque</span> <span class='ocrx_word' id='word_1_195' title='bbox 872 3796 1000 3865; x_wconf 88' lang='lat' dir='ltr'>edenda</span> <span class='ocrx_word' id='word_1_196' title='bbox 1017 3797 1302 3867; x_wconf 86' lang='lat' dir='ltr'>senatusconsulto</span> <span class='ocrx_word' id='word_1_197' title='bbox 1320 3815 1414 3868; x_wconf 90' lang='lat' dir='ltr'>tenc·</span> 
     </span>
     <span class='ocr_line' id='line_1_30' title="bbox 380 3916 1415 4011; baseline 0.004 -28"><span class='ocrx_word' id='word_1_198' title='bbox 380 3932 508 4005; x_wconf 88' lang='lat' dir='ltr'>rentur,</span> <span class='ocrx_word' id='word_1_199' title='bbox 522 3917 636 3986; x_wconf 87' lang='lat' dir='ltr'>famosi</span> <span class='ocrx_word' id='word_1_200' title='bbox 648 3916 765 4011; x_wconf 88' lang='lat' dir='ltr'>judicii</span> <span class='ocrx_word' id='word_1_201' title='bbox 779 3933 891 3986; x_wconf 89' lang='lat' dir='ltr'>notam</span> <span class='ocrx_word' id='word_1_202' title='bbox 905 3931 1022 4011; x_wconf 87' lang='lat' dir='ltr'>sponte</span> <span class='ocrx_word' id='word_1_203' title='bbox 1036 3917 1200 3986; x_wconf 84' lang='lat' dir='ltr'>subibant</span> <span class='ocrx_word' id='word_1_204' title='bbox 1217 3923 1281 3987; x_wconf 88' lang='lat' dir='ltr'>Eos</span> <span class='ocrx_word' id='word_1_205' title='bbox 1293 3943 1415 4011; x_wconf 89' lang='lat' dir='ltr'>easque</span> 
     </span>
     <span class='ocr_line' id='line_1_31' title="bbox 380 4036 1414 4132; baseline 0.01 -31"><span class='ocrx_word' id='word_1_206' title='bbox 380 4061 508 4124; x_wconf 90' lang='lat' dir='ltr'>omnes,</span> <span class='ocrx_word' id='word_1_207' title='bbox 525 4061 565 4106; x_wconf 91' lang='lat' dir='ltr'>ne</span> <span class='ocrx_word' id='word_1_208' title='bbox 582 4037 671 4130; x_wconf 90' lang='lat' dir='ltr'>quod</span> <span class='ocrx_word' id='word_1_209' title='bbox 688 4036 850 4131; x_wconf 85' lang='lat' dir='ltr'>refugium</span> <span class='ocrx_word' id='word_1_210' title='bbox 869 4041 903 4106; x_wconf 92' lang='lat' dir='ltr'>in</span> <span class='ocrx_word' id='word_1_211' title='bbox 926 4038 983 4107; x_wconf 89' lang='lat' dir='ltr'>tali</span> <span class='ocrx_word' id='word_1_212' title='bbox 1005 4037 1120 4108; x_wconf 88' lang='lat' dir='ltr'>fraude</span> <span class='ocrx_word' id='word_1_213' title='bbox 1137 4041 1291 4132; x_wconf 88' lang='lat' dir='ltr'>cuiquam</span> <span class='ocrx_word' id='word_1_214' title='bbox 1310 4057 1414 4128; x_wconf 89' lang='lat' dir='ltr'>esset,</span> 
     </span>
    </p>
   </div>
   <div class='ocr_carea' id='block_1_5' title="bbox 0 0 1610 5446">
    <p class='ocr_par' dir='ltr' id='par_1_6' title="bbox 0 0 1610 5446">
     <span class='ocr_line' id='line_1_32' title="bbox 0 0 1610 5446; baseline 0 0"><span class='ocrx_word' id='word_1_215' title='bbox 0 0 1610 5446; x_wconf 95' lang='lat' dir='ltr'> </span> 
     </span>
    </p>
   </div>
  </div>
 </body>
</html>
