3138 5438
429 540 465 595 36
829 541 859 593 C.
881 541 1053 597 SUETONll

420 689 512 738 ¹aruo
531 663 755 760 politissimis
773 679 923 751 ornaret,
941 663 1037 732 simul
1055 679 1088 730 ct
1103 662 1146 730 ad
1161 664 1317 756 speciem,
1335 677 1367 729 et
1384 685 1450 754 quo

429 782 609 851 tenaciores
629 789 744 850 eorum
765 785 800 894 in
822 782 937 876 proelio
955 796 1065 850 essent
1083 795 1173 849 metu
1189 780 1309 848 damni.
1328 777 1451 874 Dilige-

429 900 485 968 bat
502 925 634 992 quoque
652 901 872 992 usqueadeo,
892 916 929 969 ut
946 901 1059 997 audita
1077 898 1168 968 clade
1184 901 1354 968 Tituriana
1377 899 1451 966 bar·

429 1017 504 1085 bam
521 1017 740 1112 capillumque
755 1019 956 1105 submiserit;
976 1043 1035 1086 nec
1053 1033 1129 1086 ante
1141 1017 1335 1112 dempserit,
1352 1041 1451 1108 quani

429 1135 634 1206 vindicasset.
652 1137 783 1226 Quibus
801 1138 897 1204 rebus
913 1151 945 1204 et
961 1136 1186 1205 devotissimos
1202 1136 1282 1218 sibi,
1299 1149 1331 1202 et
1344 1134 1452 1202 sortis-

428 1225 526 1324 umofs
542 1253 693 1323 reddidit.
762 1333 768 1350 ,

478 1375 630 1442 LXVIII.
655 1377 806 1466 Ingresso
822 1373 917 1442 civile
931 1373 1274 1460 bellumcenturioncs
1292 1375 1452 1466 cujusque

431 1489 567 1584 legionis
594 1489 740 1584 singulos
764 1493 889 1583 equites
915 1517 934 1559 c
959 1492 1076 1560 viatico
1100 1517 1160 1559 suo
1185 1490 1396 1574 obtulerunt;
1420 1507 1453 1556 ct

432 1609 575 1676 universi
593 1607 710 1676 milites
722 1610 899 1702 gratuitam
914 1625 946 1678 et
963 1613 1032 1678 sine
1046 1610 1211 1678 frumento
1227 1609 1454 1701 stipendioque

431 1750 583 1819 operam,
609 1751 712 1818 quum
736 1729 923 1796 tenuiorum
949 1726 1084 1795 tutelam
1109 1725 1334 1819 locupletiores
1359 1727 1392 1792 in
1420 1753 1454 1792 se

432 1843 655 1912 contulissent.
682 1847 798 1936 Neque
821 1845 855 1912 in
879 1859 947 1912 tam
971 1845 1129 1912 diuturno
1154 1845 1258 1936 spatio
1279 1846 1453 1936 quisquam

433 1963 568 2030 omnino
584 1961 740 2030 descivit:
759 1961 906 2056 plerique
921 1965 1008 2056 capti
1024 1987 1208 2031 concessam
1224 1963 1286 2030 sibi
1301 1963 1363 2030 sub
1377 1989 1455 2032 cou-

434 2079 557 2148 ditione
576 2081 695 2166 vitum,
711 2081 741 2148 si
762 2079 901 2150 militare
921 2082 1078 2151 adversus
1102 2104 1177 2150 eum
1200 2077 1337 2168 vellent,
1361 2107 1456 2150 rccu-

435 2213 559 2266 saruut.
571 2202 704 2268 Famem
715 2215 747 2268 et
760 2216 883 2270 ceteras
896 2202 1117 2286 necessitates,
1127 2221 1194 2266 non
1208 2221 1310 2289 quum
1325 2199 1457 2270 obside·

435 2331 551 2386 rentur
568 2318 685 2406 modo,
704 2321 810 2390 sedet
831 2322 858 2389 si
880 2319 961 2389 alios
984 2321 1046 2415 ipsi
1064 2321 1267 2408 obsiderent,
1286 2334 1457 2413 tantopere

434 2434 637 2528 tolerabant,
663 2455 700 2509 ut
727 2440 931 2534 Dyrrachina
960 2441 1141 2508 munitione
1167 2441 1362 2534 Pompeius,
1384 2439 1457 2506 viso

434 2578 553 2646 genere
576 2561 669 2652 panis
692 2585 729 2628 ex
755 2559 875 2644 herba,
900 2584 968 2652 quo
991 2560 1254 2644 sustinebantur,
1278 2581 1351 2628 cum
1366 2559 1457 2646 seris

434 2673 496 2742 stbt
511 2699 577 2745 rem
594 2701 682 2760 csse,
702 2677 838 2764 dixerit,
859 2678 1068 2770 amoverique
1089 2678 1197 2764 ocius,
1219 2699 1278 2744 uec
1298 2676 1455 2766 cuiquam

434 2794 562 2862 ostendi
575 2795 727 2888 jusserit,
746 2821 788 2864 ne
808 2797 964 2892 patientia
984 2779 1217 2890 et'pertinacis
1235 2793 1336 2862 hostis
1354 2793 1456 2860 animi

435 2935 570 2980 suorum
601 2913 840 3008 frangerentur.
871 2915 1006 3004 Quanta
1034 2911 1224 2982 fortitudine
1251 2910 1456 2980 dimicarint.

436 3032 620 3099 testimonio
641 3047 710 3103 est.
730 3031 837 3125 quod,
855 3032 990 3100 adverso
1008 3028 1106 3099 semel
1125 3027 1214 3124 apud
1235 3029 1458 3122 Dyrrachium

437 3146 571 3240 proelio,
590 3172 719 3240 poeuam
738 3151 771 3217 in
797 3175 831 3218 se
855 3149 942 3218 ultro
965 3149 1225 3245 depoposcerunt
1249 3173 1257 3216 ε
1281 3162 1317 3215 ut
1339 3171 1458 3215 conso·

436 3263 550 3333 landos
573 3291 628 3334 eos
651 3268 752 3360 magis
772 3270 949 3362 imperator
965 3291 1063 3360 quam
1081 3265 1277 3360 puniendos,
1293 3263 1458 3334 habuerit.

436 3384 559 3451 Ceteris
579 3384 700 3478 proeliis
719 3388 904 3456 innumeras
922 3385 1182 3454 adversariorum
1199 3385 1327 3478 copias,
1343 3379 1462 3450 multis

436 3501 583 3592 partibus
602 3504 662 3596 ipsi
680 3505 867 3596 pauciores,
886 3503 980 3572 facile
998 3515 1202 3596 superarunt
1222 3505 1371 3592 Denique
1388 3526 1463 3570 una

436 3633 532 3687 sextae
547 3617 683 3712 legionis
699 3623 819 3692 cohors
829 3675 838 3708 ,
846 3623 1020 3716 praeposita
1036 3617 1185 3702 castello,
1202 3634 1343 3712 quatuor
1358 3622 1464 3687 Pom-

436 3737 497 3830 peii
524 3735 665 3831 legiones
689 3765 747 3833 per
772 3737 899 3832 aliquot
924 3741 1022 3808 horas
1043 3739 1214 3824 sustinuit,
1237 3761 1327 3830 paene
1347 3739 1464 3806 omnis

435 3854 562 3925 confixa
580 3855 788 3926 multitudine
805 3857 974 3926 hostilium
992 3862 1203 3953 sagittarum,
1221 3880 1358 3950 quarum
1375 3880 1465 3924 cen-

437 3986 507 4040 tum
528 3998 566 4043 ac
590 3975 724 4070 triginta
744 3975 844 4044 millia
866 3977 953 4046 intra
977 3976 1099 4046 vallum
1123 3989 1252 4070 reperta
1274 3988 1359 4042 sunt.
1385 3974 1468 4046 Nec

437 4092 576 4181 mirum,
599 4095 626 4162 si
648 4095 721 4186 quis
743 4092 946 4186 singulorum
972 4097 1055 4164 facta
1080 4095 1247 4188 respiciat,
1275 4091 1325 4159 vel
1351 4092 1474 4163 Cassii
