3114 5446
403 467 407 474 ’
430 513 485 570 aaa
837 512 865 566 c.
889 511 1063 567 sunnonn

428 653 461 707 et
479 635 568 706 veste
585 636 702 730 longa,
719 635 871 703 noctibus
889 635 1013 722 obiret,
1033 657 1072 702 ac
1090 631 1234 702 scenicas
1250 631 1385 701 saltandi
1399 659 1442 704 ca·

427 756 592 850 eandmue
617 769 703 822 artes
727 753 964 824 studiosissime
985 765 1178 845 appeteret3
1203 749 1296 820 facile
1317 749 1352 818 id
1375 777 1442 821 sane

426 875 559 944 Tiberio
583 874 748 966 patiente,
769 874 796 940 si
816 895 876 966 per
900 872 959 940 has
983 870 1193 940 mansuefieri
1220 884 1328 963 posset
1348 871 1441 941 fenim

427 996 498 1088 ejus
526 994 718 1086 ingenium,
746 989 836 1083 qu'od
866 991 1093 1085 sagacissimus
1120 1013 1220 1058 senex
1246 991 1293 1058 ita
1318 1015 1442 1084 prorsus

426 1126 656 1207 perspexerat,
674 1125 712 1178 ut
733 1108 904 1203 aliquoties
924 1108 1135 1202 praedicaret,
1155 1109 1287 1178 «exitio
1305 1133 1365 1177 suo
1381 1133 1442 1178 om·

426 1231 584 1323 niumque
606 1229 725 1299 Caium
746 1223 913 1296 viveretis
934 1241 986 1315 et,
1006 1257 1023 1292 α
1039 1253 1075 1296 se
1094 1228 1255 1296 natricem
1275 1224 1442 1322 [serpentis

426 1349 459 1416 id
477 1347 599 1444 genus]
616 1345 741 1442 populo
765 1369 920 1430 tonnano,
936 1346 1177 1416 Phaethontem
1196 1346 1269 1415 orbi
1288 1361 1442 1416 terramm

424 1468 574 1536 educare.
593 1497 615 1548 n,

472 1590 549 1656 ΧΠ.
564 1588 641 1656 Non
655 1587 701 1654 ita
715 1583 820 1654 multo
831 1599 906 1678 post
916 1586 935 1652 J
937 1584 1050 1652 uniam
1062 1579 1275 1672 Claudillam,
1285 1587 1334 1652 M.
1348 1581 1441 1654 Silani

425 1704 619 1775 nobilissimi
638 1704 701 1772 viri
717 1701 838 1790 filiam,
859 1700 953 1772 duxit
976 1725 1123 1792 unomen.
1142 1701 1270 1770 Deinde
1288 1725 1395 1798 augur
1414 1704 1443 1770 in

424 1825 534 1893 locum
550 1821 660 1890 fratris
676 1821 727 1890 sui
744 1821 846 1889 Drusi
866 1819 1068 1904 destinatus,
1085 1819 1177 1911 prius
1194 1843 1293 1912 quam
1310 1822 1444 1914 inaugu-

425 1957 567 2030 raretur,
585 1941 627 2008 ad
645 1939 874 2033 pontificatum
890 1937 1059 2006 traductus
1075 1951 1147 2006 est:
1165 1939 1284 2034 insigni
1304 1941 1444 2008 testimo-

425 2063 481 2129 nio
506 2060 635 2153 pietatis
659 2073 758 2150 atque
780 2055 918 2143 indolis,
942 2081 1065 2149 quum,
1091 2055 1218 2126 deserta
1239 2055 1446 2150 desolataque

424 2179 559 2270 reliquis
573 2175 726 2245 subsidiis
742 2175 832 2262 aula,
846 2175 964 2267 Sejano
979 2175 1076 2244 hoste
1091 2190 1172 2243 tunc
1187 2169 1356 2268 suspecto,
1374 2201 1446 2243 mox

424 2311 457 2366 et
471 2321 643 2390 oppresso,
654 2294 696 2362 ad
708 2319 797 2388 spem
812 2295 1026 2362 successionis
1036 2291 1195 2388 paulatim
1205 2293 1446 2363 admoveretur.

423 2417 532 2503 Qam
553 2437 620 2508 quo
638 2415 743 2509 magis
766 2413 995 2499 confirmaret,
1016 2413 1133 2494 amhsa
1152 2413 1250 2480 Iunia
1269 2437 1310 2481 ex
1330 2427 1449 2506 partu,

424 2535 565 2606 Enniam
584 2534 747 2617 Neviam,
763 2532 931 2598 Macronis
947 2555 1101 2616 uxorem,
1118 2533 1175 2621 qui
1191 2545 1268 2600 tum*
1280 2531 1450 2624 praetoria-

425 2655 474 2723 nis
492 2653 680 2722 cohortibus
697 2665 853 2744 preerat,
870 2647 1057 2719 sollicitavit
1075 2650 1117 2721 ad
1134 2665 1304 2744 stuprum,
1322 2649 1452 2744 pollici·

422 2787 476 2841 tus
496 2787 528 2839 et
552 2772 798 2840 matrimonium
820 2791 934 2852 suum,
954 2769 980 2836 si
1002 2769 1126 2861 potitus
1146 2769 1286 2864 imperio
1304 2768 1449 2838 fuisset:

422 2889 528 2981 deque
547 2915 584 2957 ea
608 2913 644 2956 re
667 2903 701 2956 et
719 2885 955 2979 jurejurando,
974 2901 1007 2954 et
1028 2887 1249 2980 chirographo
1269 2889 1374 2956 cavit.
1392 2892 1453 2956 Per

421 3009 507 3076 hanc
531 3009 717 3075 insinuatus
738 3006 909 3092 Macroni,
935 3027 1062 3073 veneno
1081 3006 1249 3076 Tiberium
1276 3031 1455 3102 aggressus

422 3139 491 3211 est,
517 3139 554 3194 ut
578 3125 713 3217 quidam
736 3125 942 3217 opinantur:
964 3125 1166 3217 spirantique
1189 3123 1297 3194 adhuc
1324 3127 1453 3196 detrahi

423 3241 599 3331 annulum,
613 3257 660 3328 et,
674 3244 829 3334 quoniam
839 3243 1055 3334 suspicionem
1066 3244 1239 3312 retinentis
1247 3243 1370 3332 dabat,
1384 3245 1457 3340 pul·

422 3363 535 3430 vinum
551 3362 649 3454 jussit
669 3363 778 3454 injici,
804 3376 904 3453 atque
925 3363 1022 3429 etiam
1046 3361 1155 3434 fauces
1177 3387 1278 3432 manu
1305 3389 1371 3436 sua
1398 3390 1458 3459 op·

421 3483 553 3575 pressit,
567 3479 701 3567 liberto,
716 3480 773 3572 qui
790 3481 836 3547 oh
851 3482 1055 3550 atrocitatem
1071 3481 1225 3552 facinoris
1241 3482 1457 3554 exclamave-

421 3615 491 3686 rat,
505 3599 674 3668 confestim
694 3601 727 3666 in
745 3623 877 3667 crucem
893 3614 978 3667 acto.
994 3601 1063 3670 Nec
1081 3601 1236 3670 abhorret
1251 3627 1272 3671 a
1287 3607 1459 3690 veritate,

420 3743 523 3812 quum
541 3719 608 3786 sint
624 3716 761 3810 quidam
776 3731 945 3804 auctores,
963 3717 1069 3810 ipsum
1088 3733 1219 3812 postea,
1235 3723 1299 3790 etsi
1321 3749 1397 3793 non
1420 3724 1462 3793 de

422 3837 584 3929 perlecto,
598 3850 632 3904 at
648 3851 735 3904 certe
753 3835 794 3903 de
811 3837 957 3929 cogitato
973 3836 1141 3929 qnondam
1158 3839 1362 3932 parricidio,
1381 3868 1462 3937 pro·

421 3957 551 4024 fessum.
566 3952 751 4024 Gloriatum
765 3955 854 4022 enim
865 3979 935 4023 esse
951 3955 1095 4044 assidue,
1108 3957 1142 4025 in
1157 3964 1465 4033 commemoranda

421 4099 478 4140 sua
496 4075 633 4166 pietate,
652 4103 668 4136 a
682 4073 722 4140 ad
742 4069 958 4142 ulciscendam
978 4099 1090 4144 necem
1107 4079 1219 4146 matris
1236 4093 1269 4146 et
1290 4081 1465 4168 fratrum,
