3108 5434
409 497 447 573 9⁶
815 495 1039 552 csunnnnn

410 623 487 690 vitae
501 618 818 688 continentissimum
835 617 934 686 luisse
949 633 1094 704 constat,
1112 643 1150 686 ac
1166 621 1236 688 sine
1253 617 1439 714 suspicione

411 740 510 810 ullius
526 741 607 807 vitii.

457 861 596 928 LXXII.
627 857 796 926 Habitavit
825 860 933 952 primo
957 859 1053 952 juxta
1079 859 1268 928 Romanum
1296 863 1440 947 Forum,

410 963 511 1074 supra
528 975 638 1046 Scalas
655 975 834 1066 anularius,
849 979 884 1045 in
899 976 998 1046 domo
1014 1001 1088 1072 quae
1104 976 1198 1046 Calvi
1215 979 1355 1047 oratoris
1371 979 1442 1049 lire·

327 1137 331 1147 ,
411 1113 463 1167 rat
481 1123 489 1165 :
509 1111 622 1191 postea
640 1097 674 1163 in
692 1094 837 1183 Palati03
857 1096 915 1167 sed
932 1096 1147 1168 nibilominus
1164 1096 1287 1166 aedibus
1304 1097 1441 1166 modicis

411 1217 655 1304 Hortensianis,
671 1228 705 1284 et
721 1240 828 1309 neque
844 1214 994 1302 laxitate,
1010 1241 1116 1311 neque
1132 1214 1224 1285 cultu
1239 1217 1441 1311 conspicuis,

414 1337 504 1407 utin
524 1336 645 1429 quibus
664 1335 812 1429 porticus
830 1338 945 1408 breves
963 1352 1072 1408 essent
1092 1335 1294 1407 Albanarum
1314 1334 1442 1405 colum·

413 1479 551 1540 narum,
577 1469 612 1523 ct
638 1455 710 1527 sine
737 1481 901 1528 marmore
928 1456 997 1526 ullo
1023 1471 1082 1526 aut
1107 1457 1226 1550 insigni
1253 1457 1442 1550 pavimento

413 1572 590 1644 conclavia.
619 1578 670 1648 Ac
696 1601 756 1671 per
782 1601 887 1646 annos
914 1576 1054 1671 amplius
1080 1575 1298 1671 quadraginta
1324 1574 1441 1644 eodem

414 1691 566 1764 cubiculo
584 1694 693 1766 bieme
712 1711 745 1766 et
763 1711 873 1765 aestate
893 1698 1031 1784 mansit;
1050 1697 1199 1789 quamvis
1218 1721 1334 1790 parum
1355 1693 1444 1764 salu-

414 1795 509 1886 breni
521 1816 702 1886 valetudini
719 1841 786 1885 suae
801 1816 927 1884 Urbem
946 1816 1052 1892 bieme
1067 1817 1284 1909 experiretur,
1300 1813 1444 1884 assidue-

417 1961 481 2030 que
498 1939 530 2004 in
549 1936 641 2006 Urbe
656 1937 824 2006 hiemaret.
844 1936 878 2004 si
894 1933 1028 2028 quando
1043 1933 1125 2028 quid
1142 1949 1280 2022 secreto,
1298 1949 1355 2002 aut
1371 1935 1443 2002 sine

417 2053 678 2149 interpellatione
693 2078 790 2149 agere
804 2055 1042 2148 proposuisset,
1057 2067 1128 2122 erat
1141 2052 1189 2121 illi
1203 2051 1293 2122 locus
1305 2054 1338 2120 in
1352 2031 1443 2122 edito

417 2172 606 2269 singularis,
628 2198 727 2268 quem
747 2177 934 2269 Syracusas
956 2188 989 2242 et
1009 2165 1171 2262 τεχνέφυον
1189 2173 1326 2241 vocabat
1345 2197 1353 2240 :
1375 2173 1445 2242 huc

417 2293 594 2379 transibat,
609 2306 668 2361 aut
683 2293 717 2359 in
735 2291 873 2384 alicujus
889 2291 1082 2361 libertorum
1099 2291 1341 2377 suburbanum
1358 2315 1447 2384 aeger

418 2425 528 2481 autern
545 2413 580 2481 in
598 2410 698 2480 domo
717 2413 904 2480 Maecenatis
925 2412 1076 2480 cubabat.
1096 2415 1145 2480 Ex
1166 2411 1342 2480 secessibus
1362 2435 1449 2504 prae-

417 2531 513 2625 cipue
529 2529 749 2624 frequemwit
763 2531 945 2616 maritima,
963 2529 1150 2623 insulasque
1167 2531 1371 2623 Campaniae,
1387 2544 1452 2597 aut

417 2653 566 2744 proxima
578 2649 663 2719 Urbi
677 2648 816 2743 oppida,
833 2651 1036 2738 Lanuvium,
1052 2652 1230 2730 Praeneste,
1245 2649 1348 2717 Tibur
1365 2673 1373 2716 :
1389 2648 1451 2716 ubi

416 2773 514 2839 ctiam
539 2771 574 2839 in
598 2770 780 2864 porticibus
803 2767 953 2838 Herculis
976 2767 1089 2862 templi
1114 2793 1258 2863 persaepe
1277 2770 1331 2862 jus
1353 2768 1449 2838 dixit.

418 2889 537 2984 Ampla
558 2903 591 2958 et
613 2913 751 2982 operosa
773 2889 926 2982 praetoria
950 2888 1157 2982 parabatur.
1181 2891 1224 2956 Et
1245 2889 1351 2981 neptis
1374 2891 1454 2980 qui-

417 3007 492 3075 dem
508 3008 575 3075 suae
590 3005 699 3092 Iuliae,
716 3006 850 3098 profuse
867 3007 908 3074 ab
925 3031 963 3073 ea
976 3021 1158 3092 exstructa,
1175 3008 1271 3075 etiam
1289 3005 1390 3075 diruit
1406 3007 1454 3074 ad

340 3163 343 3168 ·
419 3124 550 3194 solum:
571 3149 742 3210 suasero,
762 3126 910 3217 quamvis
929 3124 1073 3208 modica,
1091 3151 1161 3194 non
1181 3139 1247 3193 tam
1266 3139 1455 3194 statuarum

419 3241 672 3334 tabularumque
690 3244 854 3336 pictarum
871 3259 1006 3329 ornatu,
1023 3268 1122 3335 qnam
1140 3245 1240 3337 xystis
1258 3257 1290 3312 et
1307 3248 1458 3312 nemori-

419 3361 481 3430 bus
496 3359 655 3446 excoluit,
671 3361 834 3453 rebusque
849 3376 1010 3431 vetustate
1026 3387 1063 3431 ac
1077 3365 1211 3431 raritate
1225 3362 1428 3433 notabilibus
1447 3392 1456 3432 :

420 3479 529 3574 qualia
553 3495 631 3550 sunt
655 3481 792 3574 Capreis
816 3483 1010 3550 immanium
1032 3481 1216 3551 belluarum
1240 3481 1460 3574 ferarumque

421 3598 567 3667 membra
590 3597 810 3692 praegrandia,
830 3624 903 3693 quae
926 3600 1082 3670 dicuntur
1105 3581 1290 3696 Gigantum
1314 3625 1394 3670 ossa
1423 3617 1462 3672 et

421 3741 518 3786 orma
532 3719 691 3786 Heroum.

469 3838 623 3905 LXXIII.
649 3839 865 3907 Instrumenti
882 3840 952 3932 ejus
971 3853 1003 3908 et
1021 3839 1229 3934 supellectilis
1248 3842 1463 3932 parcimonia

422 3969 558 4048 apparet
579 3957 677 4024 etiam
697 3980 804 4042 nunc,
821 3958 959 4027 residuis
982 3958 1072 4027 lectis
1094 3973 1192 4052 atque
1212 3960 1350 4046 mensis,
1368 3983 1465 4051 quo·

425 4096 497 4139 rum
518 4070 672 4166 pleraque
695 4076 748 4142 vix
770 4077 905 4168 privatae
921 4076 1090 4170 elegantiae
1112 4080 1188 4145 sint.
1212 4080 1263 4148 Ne
1283 4092 1359 4144 toro
1379 4082 1465 4170 qui-
