3108 5434
381 510 566 567 OCTAVIUS
587 511 790 567 AUGUSTUS.
1067 511 1101 567 81

76 633 200 730 llagellis
220 634 428 720 verberent,
446 649 480 703 et
503 632 649 726 Pyladen
669 634 761 704 Urbe
781 649 880 728 atque
900 633 997 705 Italia
1015 659 1104 704 sum.

75 757 223 842 noverit,
251 754 345 848 quod
369 768 607 848 spectatorem,
631 777 651 822 a
678 777 745 847 quo
771 752 1024 842 exsibilubatur,
1050 753 1106 824 de-

76 889 283 947 monstrasset
295 874 415 969 digito,
428 874 711 968 conspicuumque
724 871 862 943 fecisset
1124 925 1131 936 .

113 997 236 1065 xuvt.
263 993 317 1064 Ad
336 993 427 1062 hunc
446 991 584 1062 modum
602 991 698 1060 Urbe
715 971 915 1087 urbenisque
932 994 1032 1064 rebus
1047 994 1106 1064 ad·

77 1114 285 1197 ministratis,
305 1111 435 1181 Italiam
458 1109 704 1206 duodetriginta
724 1110 929 1182 coloniarum
949 1139 1107 1204 numero,

77 1233 290 1302 deductarum
308 1232 350 1300 ab
369 1255 424 1319 se,
443 1230 682 1325 frequentavit,
701 1231 923 1326 operibusque
944 1257 983 1310 ac
1004 1236 1107 1303 veeti-

76 1352 198 1448 galibus
224 1349 369 1446 publicis
396 1349 603 1445 plurifariam
628 1349 785 1420 instruxit
811 1375 820 1418 t
846 1352 944 1420 etiam
967 1353 1108 1446 jurene

75 1471 355 1568 digmtioneUrbi
364 1468 610 1566 quodammodo
620 1493 682 1563 pro
691 1484 786 1565 parte
794 1467 902 1565 aliqua
913 1472 1107 1567 adequavit,

75 1595 257 1688 excogitato
269 1617 389 1686 genere
402 1589 653 1686 suffragiorum,
663 1615 736 1684 qtrae
746 1589 788 1660 de
796 1592 1042 1688 magistratibus
1053 1619 1109 1664 ur·

74 1712 154 1781 bicis
169 1710 367 1780 decuriones
382 1708 522 1779 colonici
541 1710 576 1778 in
591 1733 650 1778 sua
667 1709 808 1803 quisque
824 1709 958 1781 colonio
968 1713 1108 1804 ferrent,

75 1832 176 1901 etsuh
190 1830 279 1899 diem
294 1829 506 1899 comitiorum
521 1829 694 1924 obsignata
708 1833 849 1900 Romam
865 1833 1045 1903 mitterent.
1059 1837 1108 1904 Ac

75 1953 193 2022 necubi
211 1965 270 2020 aut
285 1951 502 2021 honestorum
516 1948 669 2019 deficeret
684 1951 798 2045 copia,
818 1966 877 2020 eut
888 1951 1109 2023 multitudinis

75 2071 222 2158 soboles,
237 2085 420 2165 equestrem
437 2071 586 2141 militiam
603 2084 750 2165 petentes
765 2071 864 2140 etiam
882 2098 923 2141 ex
942 2099 1110 2144 commen·

75 2192 209 2261 datione
226 2189 358 2284 publica
375 2189 534 2282 cujusque
548 2187 662 2282 oppidi
679 2187 870 2278 ordinabat3
884 2205 918 2260 at
936 2194 995 2279 iis,
1014 2194 1072 2288 qui
1091 2217 1110 2264 e

74 2310 172 2406 plebe
191 2310 341 2405 regiones
367 2307 429 2376 sibi
447 2308 602 2376 revisenti
618 2305 701 2376 filios
725 2306 848 2378 filiasve
867 2313 1109 2406 approbarent,

74 2429 206 2527 singula
221 2452 435 2498 nummorum
450 2424 554 2496 millia
569 2451 630 2520 pro
646 2425 785 2522 siugulis
801 2427 977 2501 dividebat.

116 2549 262 2619 XLVII.
288 2545 479 2616 Provincias
498 2543 694 2634 validiores,
713 2559 746 2616 et
765 2571 846 2640 quas
866 2551 985 2622 annuis
1006 2555 1109 2649 magi·

74 2685 241 2740 stratuum
260 2666 405 2760 imperiis
423 2665 512 2760 regi,
532 2689 594 2733 nac
608 2663 706 2733 'facite
724 2689 784 2733 nec
804 2680 913 2736 tutum
930 2683 1020 2758 erat,
1041 2674 1111 2767 ipsc

74 2788 249 2881 suscepit:
269 2801 394 2855 ceteras
412 2783 666 2878 proconsulibus
686 2786 803 2854 sortito
822 2788 986 2879 permisit,
1009 2804 1043 2858 et
1061 2806 1111 2861 ta·

76 2934 152 2979 men
172 2903 349 2976 nonnullas
366 2904 582 2974 commutavit
600 2904 782 2992 interdum;
798 2920 897 3000 atque
913 2932 953 2978 ex
969 2924 1112 3004 utroque

74 3017 197 3122 genere
213 3022 386 3120 plerasque
402 3024 520 3118 sepius
536 3023 626 3092 adiit.
641 3024 784 3094 Urbium
800 3025 958 3119 quasdam
974 3027 1111 3100 foedere-

75 3163 141 3237 tas,
167 3144 226 3214 sed
246 3142 288 3213 ad
304 3144 440 3212 exitium
462 3141 593 3212 licentia
613 3144 813 3237 praecipites,
834 3143 986 3216 libertate
1004 3149 1113 3242 priva·

74 3270 120 3336 rit
141 3293 152 3335 :
174 3263 274 3350 alias,
293 3276 352 3331 aut
370 3287 435 3331 aere
456 3260 562 3330 alieno
581 3260 767 3350 laborantes
785 3262 920 3352 levavit,
939 3281 999 3336 aut
1018 3282 1113 3339 terrae

73 3402 174 3456 motu
193 3383 369 3453 subversas
387 3380 497 3450 denuo
514 3380 681 3469 condidit,
701 3397 759 3450 aut
777 3385 893 3452 merita
911 3409 989 3479 erga
1008 3412 1113 3482 popu·

75 3504 149 3574 lum
163 3508 355 3574 Romanum
368 3499 560 3595 allegantes,
570 3500 748 3569 Latinitate
760 3499 810 3569 vel
823 3503 955 3572 civitate
966 3504 1111 3575 donavit.

73 3627 150 3696 Nec
170 3637 236 3710 est,
255 3637 295 3691 ut
312 3621 446 3715 opinor,
464 3621 653 3715 provincia,
672 3637 807 3715 excepta
826 3620 987 3692 duntaxat
1004 3625 1114 3710 Africa

73 3759 108 3812 et
120 3741 295 3829 Sardinia,
332 3764 409 3810 uam
422 3765 489 3809 non
502 3738 629 3808 adierit.
641 3743 681 3808 In
693 3741 766 3828 hes,
779 3739 893 3835 fugato
906 3745 1006 3812 Sexto
1019 3747 1115 3812 Pom·

72 3865 176 3956 peio,
190 3861 343 3954 trajicere
358 3883 399 3928 ex
414 3857 524 3928 Sicilia
541 3873 756 3954 apparantem
773 3863 939 3931 coutinuae
954 3877 988 3931 et
1002 3865 1117 3933 immo-

70 3984 165 4053 dieae
179 3994 390 4076 tempestates
402 3979 632 4067 inhibuerunt,
645 4005 706 4049 nec
719 4005 795 4049 mox
808 3983 937 4050 occasio
949 3994 1009 4051 aut
1019 4007 1115 4052 eausa

72 4099 272 4196 trajiciendi
291 4099 364 4171 fuit.

209 4239 231 4286 r.
613 4283 618 4292 ,
929 4215 952 4280 6
