3164 5442
415 489 471 528 202
733 423 741 434 ι
886 465 1001 520 NOTAE

454 585 712 662 upr'grammaum.
727 581 858 640 Meminit
870 580 979 638 Plinius
991 579 1235 657 Epigramma
1244 593 1364 636 morum
1372 577 1453 634 lusci·

415 680 487 736 viant
501 687 702 747 excusaturus,
721 677 814 750 Epist.
827 694 859 746 v,
876 675 903 730 3.

454 771 626 826 Incubuisse.
645 769 725 826 Idem
742 779 840 824 narrat
857 767 1002 838 Macrob,
1021 785 1050 835 ι,
1068 774 1095 832 4.

452 865 518 922 cs».
536 863 699 920 Lxxxvn
725 861 888 918 Foetonbus.
912 857 988 928 Quia
1004 859 1088 916 nimis
1109 861 1239 917 abstrusa
1258 859 1346 914 rerba
1370 857 1455 912 situm

412 975 525 1032 sapere,
538 965 566 1012 et
580 956 619 1012 ob
633 955 664 1010 id
677 954 803 1028 graviter
819 954 896 1010 olere
913 952 1056 1008 videntur.

453 1048 613 1104 Cacozelos.
633 1047 771 1118 Quintil,
785 1064 863 1116 ιιιι,
879 1045 901 1101 3
913 1065 921 1100 τ
936 1069 948 1095 v«
965 1055 1108 1114 Κικιῖηιω
1118 1056 1238 1102 vocatur
1250 1042 1397 1118 quidquid
1414 1053 1456 1098 nst

411 1142 486 1197 ultra
504 1139 653 1210 virtutem,
670 1138 784 1213 quoties
804 1137 949 1212 ingenium
970 1136 1081 1210 judicio
1101 1147 1193 1210 caret,
1212 1149 1241 1195 et
1261 1135 1357 1212 specie
1385 1135 1456 1190 boni

411 1233 518 1290 lollium
532 1253 540 1288 z
555 1231 683 1288 omnium
696 1231 724 1286 in
739 1231 903 1304 eloquentia
917 1229 1054 1285 vitiorum
1072 1231 1231 1304 pessimum.
1250 1254 1262 1278 ι

453 1327 643 1400 Antiquarrbs.
664 1322 722 1394 Qui
744 1323 855 1398 priscus
875 1332 903 1378 et
924 1321 983 1394 jam
1004 1322 1054 1378 diu
1076 1324 1217 1380 obsoletas
1237 1341 1323 1378 voces
1344 1317 1455 1376 curiose

412 1427 619 1475 consectantur.
634 1417 778 1486 Juvenal,
791 1434 839 1484 vr,
854 1413 910 1482 454
927 1435 934 1468 :

517 1578 660 1641 Ignotusque
673 1574 734 1624 milri
745 1583 811 1624 tenet
821 1573 956 1640 antiquari·
971 1587 1058 1624 versun

411 1725 454 1782 Cl'.
468 1727 573 1794 Grau,
588 1743 615 1794 1,
633 1738 676 1779 to.

452 1817 650 1872 Moecenntem.
664 1817 709 1872 De
722 1833 781 1890 quo
799 1817 913 1883 Senec,
928 1814 1021 1888 Epist.
1037 1831 1106 1870 cuv
1121 1834 1132 1890 :⁴
1148 1840 1160 1864 u
1177 1812 1275 1888 Magni
1288 1811 1398 1888 ingenii
1413 1811 1455 1866 vir

411 1909 519 1978 luerat,
532 1908 556 1964 si
570 1907 642 1962 illud
657 1908 757 1982 egisset
771 1907 815 1962 via
829 1905 969 1976 rectiore,
982 1904 1075 1961 sinon
1083 1905 1197 1986 uitasset
1211 1903 1346 1980 intelligi,
1360 1904 1454 1966 sinon

410 2001 495 2057 etiam
510 2001 639 2056 oratione
655 1999 808 2055 dililueret.
826 1997 944 2054 uidebis
955 1998 1053 2072 itaque
1068 1998 1260 2074 eloquentiam
1273 1995 1349 2054 ebrii
1361 1995 1455 2051 bonsi-

410 2093 454 2148 nis
473 2093 643 2161 involutam,
663 2101 691 2146 et
706 2101 862 2160 errantem,
876 2100 904 2145 et
918 2089 1037 2146 licentia
1051 2093 1198 2164 plenam.»

450 2184 559 2238 Irrides.
575 2183 719 2251 Macrob.‚
734 2201 775 2253 ιι,
792 2187 808 2246 4
827 2201 834 2236 :
855 2185 1054 2256 nnugiutns...
1069 2183 1100 2238 in
1113 2183 1234 2256 epistola
1253 2180 1291 2236 ad
1310 2179 1453 2234 Maecena-

411 2287 467 2331 tem
482 2274 612 2330 familiari
626 2275 710 2348 plura
731 2273 761 2327 in
772 2273 856 2345 jocos
872 2273 980 2329 effusus
1003 2275 1149 2330 subtexuit
1165 2295 1173 2329 ε
1198 2275 1284 2338 Vale,
1304 2273 1364 2326 mel
1373 2289 1453 2345 gem-

411 2387 503 2423 meum
525 2366 695 2432 Medulliae,
722 2365 791 2420 ebur
811 2384 850 2420 ea:
872 2365 1020 2434 Hetrun'a,
1046 2371 1125 2423 luter
1147 2367 1309 2432 Arelinum,
1331 2365 1453 2419 adamus

411 2477 565 2534 supernas,
591 2459 748 2514 Tiberinum
770 2460 974 2532 margaritum,
997 2459 1151 2516 Cilniomm
1170 2458 1341 2532 smaragde,
1357 2455 1453 2532 jaspis

408 2553 573 2626 figulorum,
589 2551 695 2626 beryllo
715 2553 887 2618 Porsennoe,
909 2551 1108 2608 carbunculum
1120 2549 1257 2607 'ltaliam

453 2647 615 2701 Antonium.
633 2647 666 2700 ln
681 2662 767 2719 quem
781 2642 856 2715 Cic,
872 2643 1001 2718 Philipp.
1019 2663 1070 2714 ιιι,
1085 2663 1122 2700 aa
1143 2664 1150 2700 ε
1170 2645 1296 2700 «Nonne
1312 2642 1403 2699 satius
1416 2651 1454 2697 est

412 2755 471 2791 esse
485 2748 611 2807 mutum,
625 2755 716 2812 quam,
726 2735 807 2809 loqui
821 2753 854 2794 ea
868 2754 932 2810 qun
944 2755 1029 2792 nemo
1044 2734 1224 2812 intelligat?-

453 2829 600 2884 Clmbeme
614 2830 732 2884 Annus.
747 2829 792 2882 De
807 2827 863 2882 hoc
878 2826 1091 2900 Quint.,v111,
1106 2830 1122 2884 3
1138 2848 1145 2884 ε
1160 2851 1172 2878 ι
1187 2827 1302 2884 Cimber
1320 2827 1370 2882 hic
1384 2827 1454 2897 luit,

411 2939 427 2976 a
443 2939 503 2994 quo
517 2920 633 2975 fratrem
646 2930 777 2974 necatum
792 2919 847 2974 hoc
862 2919 1005 2975 Ciceronis
1020 2920 1097 2976 dicto
1112 2930 1243 2976 notatum
1255 2928 1298 2974 est
1312 2939 1320 2974 τ
1336 2921 1455 2975 Germa-

410 3033 480 3068 num
498 3011 613 3068 Cimber
630 3011 742 3067 occidit.
758 3037 770 3062 s
789 3011 856 3067 Fuit
869 3011 916 3068 illc
933 3013 1032 3068 rhetor
1045 3011 1230 3088 antiquarius.
1246 3011 1288 3067 Cf.
1303 3012 1455 3068 Hun'ad

411 3104 508 3180 Virg„
525 3105 661 3160 Catalece.
678 3122 713 3158 ιι,

457 3198 592 3251 Veranius
603 3197 728 3250 Flaccus.
742 3195 843 3251 lltrum
856 3195 997 3252 Veranius
1006 3197 1121 3254 Flaccus
1134 3217 1150 3254 a
1163 3197 1312 3269 Macrob.,
1323 3199 1452 3260 Saum..

413 3307 471 3358 ιιι,
485 3309 516 3360 o,
526 3291 780 3358 commemoratus,
794 3307 831 3344 an
840 3289 934 3345 verius
941 3291 1058 3346 Flaccus
1071 3291 1205 3360 aGellio,
1220 3309 1284 3361 xri,
1303 3297 1339 3358 ι4
1349 3299 1377 3345 et
1391 3308 1455 3345 mr

412 3382 527 3452 citatus,
539 3383 568 3438 h.
587 3383 606 3438 l.
625 3381 808 3438 scribendum
821 3382 858 3438 sit
870 3382 1043 3459 ambiguum.
1055 3407 1057 3412 ·

455 3475 610 3548 Eaecerpslt.
629 3478 690 3531 lmo
702 3476 821 3548 stitutus
835 3489 877 3532 est
882 3516 893 3544 ‚
910 3486 983 3532 auct.
999 3476 1139 3546 Quintil,
1153 3494 1223 3546 ιιιι,
1239 3478 1255 3534 3
1271 3497 1277 3530 :
1298 3479 1380 3533 «Nec
1397 3475 1456 3532 nti-

412 3587 466 3622 nus
480 3578 550 3623 noto
564 3568 714 3624 Sallustius
733 3569 936 3646 epigrammate
955 3569 1104 3626 incessitur
1119 3590 1126 3624 ε

517 3731 546 3776 Et
558 3727 631 3777 verbu
644 3727 738 3794 antiqui
750 3729 852 3779 multum
862 3728 940 3778 furate
951 3729 1050 3780 Catonis

513 3859 516 3866 ,
548 3812 646 3876 Crispe,
657 3813 673 3862 J
675 3812 809 3877 ugurthinn
821 3813 933 3863 conditor
940 3811 1052 3863 historin.

452 3966 650 4022 Asiaticorum.
674 3967 858 4039 Quintilian,
886 3987 952 4037 ιιι,
981 3988 1016 4024 ιο
1041 3989 1047 4022 :
1074 3993 1086 4017 a
1108 3969 1211 4024 Asiana
1234 3987 1304 4042 gens
1327 3969 1460 4024 timidior

412 4057 533 4130 alioqui,
553 4068 581 4114 et
594 4059 756 4132 jactantior,
767 4061 882 4118 vaniore
896 4063 981 4119 etiam
996 4062 1109 4118 dicendi
1126 4061 1218 4136 gloria
1238 4058 1338 4116 inflato
1350 4073 1408 4117 est.
1427 4087 1443 4112 ι.
