3114 5446
415 503 469 543 aaa
820 486 849 539 C.
868 485 1044 542 SUE'IIONII

414 627 477 680 tur.
501 613 548 681 Ac
567 611 619 678 ris
642 635 708 679 uno
734 611 929 704 interposito
955 608 1007 677 die
1032 606 1174 678 confecit
1200 608 1345 702 nuptias3
1368 635 1422 680 non

415 733 568 826 repertis,
588 731 646 824 qui
664 743 882 824 sequerentur
901 725 1103 821 exemplum,
1130 741 1269 821 excepto
1287 726 1425 798 libertino

414 851 575 945 quodam,
588 865 620 920 et
630 850 734 919 altero
749 845 963 943 primipilari,
979 849 1073 941 cujus
1089 821 1236 916 officium
1251 849 1425 942 nuptiarum

414 987 447 1040 et
464 973 533 1066 ipse
551 969 828 1065 cumdgrippina
844 965 1033 1038 celebravit.

462 1093 602 1162 XXVII.
632 1091 773 1160 Liberos
789 1111 830 1158 ex
850 1087 955 1158 tribus
975 1087 1134 1160 uxoribus
1152 1085 1250 1156 tulit:
1270 1109 1309 1156 ex
1329 1089 1427 1183 Urgu·

415 1209 526 1280 lanilla
553 1215 700 1280 Drusum
719 1223 753 1278 et
770 1207 964 1292 Claudiam
981 1231 1023 1276 ex
1045 1208 1163 1276 Petina
1183 1208 1375 1293 Antoniam}
1396 1233 1428 1276 ex

414 1330 591 1400 Messalina
610 1331 798 1413 Octaviam,
815 1343 848 1397 et
862 1351 960 1422 quem
975 1329 1084 1422 primo
1099 1328 1350 1414 Germanicum,
1363 1351 1427 1396 mor

415 1451 641 1521 britannicum
661 1448 915 1543 cognominavit.
945 1450 1092 1516 Drusum
1109 1447 1275 1540 Pompeiis
1292 1447 1428 1540 impube·

414 1595 483 1640 rem
502 1571 627 1654 amisit,
646 1569 736 1662 piro,
751 1591 812 1661 per
831 1565 940 1636 lusum
958 1567 991 1634 in
1006 1565 1146 1636 sublime
1160 1567 1285 1660 jactato
1299 1582 1331 1637 et
1341 1551 1429 1636 biatu

289 1755 294 1763 .
414 1691 480 1759 oris
507 1703 661 1783 excepto,
687 1686 954 1780 strangulatum
976 1687 1030 1754 cui
1055 1699 1088 1754 et
1117 1701 1195 1754 ante
1224 1711 1344 1780 paucos
1369 1687 1430 1754 dies

414 1809 514 1880 liliam
532 1810 640 1903 Sejani
655 1806 890 1902 despondisset.
904 1807 983 1895 Quo
1000 1807 1105 1901 magis
1117 1808 1230 1894 miror,
1249 1807 1365 1896 finisse,
1380 1811 1431 1900 qui

374 1991 377 1998 .
414 1931 596 2018 traderent,
612 1928 886 2021 fraudeaSejano
897 1941 1061 1998 necatum.
1072 1926 1256 2016 Claudiam,
1269 1953 1312 1998 ex
1324 1929 1432 1998 liberto

413 2075 474 2120 suo
490 2054 609 2120 Botere
624 2062 838 2143 conceptam,
858 2048 1007 2140 quamvis
1029 2061 1107 2116 unte
1123 2049 1276 2142 quintum
1298 2073 1431 2118 mensem

413 2169 545 2238 divortii
565 2183 692 2249 mamm,
708 2166 817 2260 alique
834 2181 989 2260 emptam,
1005 2169 1124 2260 exponi
1144 2181 1255 2238 tamen
1273 2167 1316 2237 ad
1331 2169 1435 2237 matris

410 2289 562 2383 januam,
577 2302 610 2357 et
628 2285 751 2356 nudam
763 2286 862 2378 jussit
880 2285 987 2380 abjici.
1006 2288 1184 2356 Antoniam
1201 2291 1263 2358 Cn.
1282 2290 1433 2383 Pompeio

355 2441 362 2458 ·
413 2411 552 2504 Magno,
579 2404 697 2476 deinde
721 2411 842 2476 Fausto
869 2403 986 2493 Sullae,
1013 2405 1222 2476 nobilissimis
1245 2409 1436 2501 juvenibus,

413 2529 585 2597 Octaviam
603 2527 727 2598 Neroni
751 2525 905 2620 privigno
924 2549 984 2594 suo
1006 2523 1199 2612 collocavit,
1224 2525 1342 2597 Silano
1355 2541 1435 2595 'ante

412 2643 651 2741 desponsatam.
669 2645 911 2730 Britannicum,
930 2645 1085 2714 vicesimo
1104 2643 1231 2739 imperii
1251 2645 1321 2732 die,
1341 2647 1434 2738 inque

327 2846 336 2854 ,
412 2765 557 2836 secundo
571 2761 746 2834 consulatu
763 2777 876 2832 natum
895 2763 971 2850 sibi,
989 2763 1164 2858 parvulum
1183 2767 1284 2834 etiarn
1304 2781 1391 2852 tum,
1406 2779 1437 2833 et

413 2883 527 2968 militi,
546 2907 606 2977 pro
624 2884 782 2952 concione
800 2881 953 2951 manibus
970 2884 1037 2951 suis
1050 2897 1195 2980 gestans,
1206 2897 1240 2953 et
1258 2884 1368 2986 plebi,
1385 2909 1439 2979 per

412 3000 598 3096 spectacula
609 3003 733 3096 grenno
742 3016 800 3070 aut
811 3015 889 3071 ante
903 3023 938 3070 se
951 3003 1109 3090 retinens,
1122 3002 1252 3073 assidue
1271 3029 1439 3074 commen-

411 3121 527 3208 dabat,
539 3119 719 3214 faustisque
730 3122 895 3190 ominibus
904 3147 979 3191 cum
989 3119 1238 3200 acclamantium
1252 3125 1354 3192 turba
1370 3129 1443 3218 pro'·

412 3240 619 3334 sequebatur.
636 3243 665 3310 E
683 3243 811 3335 generis
833 3243 997 3310 Neronem
1021 3239 1190 3336 adoptarit
1214 3267 1222 3310 :
1244 3242 1441 3338 Pompeium

411 3377 511 3454 atque
528 3358 677 3432 Silanum
690 3356 762 3430 ¹non
780 3361 943 3430 recusavit
957 3360 1071 3448 modo,
1089 3359 1146 3430 sed
1163 3375 1195 3432 et
1213 3363 1396 3432 interemit.

459 3475 616 3550 XXVIII.
638 3481 846 3550 Libertorum
864 3482 1027 3574 precipue
1044 3483 1188 3575 suspexit
1206 3481 1354 3551 Posiden
1374 3504 1446 3576 spa·

411 3598 549 3685 donem,
562 3623 659 3694 quem
674 3602 770 3669 etiam
789 3597 975 3669 britannico
990 3601 1158 3693 triumpho
1175 3602 1261 3672 inter
1280 3601 1444 3670 militares

412 3719 500 3787 viros
529 3717 622 3786 basta
650 3743 734 3813 pura
758 3719 914 3788 donavit:
935 3743 996 3788 nec
1022 3721 1131 3788 minus
1157 3717 1321 3807 Felicem,
1345 3743 1445 3814 quem

411 3837 600 3906 cohortibus
616 3851 650 3906 et
665 3835 725 3906 alis
736 3839 978 3932 provinciaeque
994 3837 1114 3908 Judaeae
1130 3841 1325 3932 preposuit,
1341 3841 1446 3908 trium

411 3955 597 4048 reginarum
616 3956 792 4024 maritum:
817 3969 850 4024 et
870 3961 1056 4052 Arpocran,
1076 3959 1128 4026 cui
1153 3956 1265 4026 lectica
1288 3983 1356 4052 per
1382 3959 1447 4025 Ur·

411 4073 484 4142 bem
500 4073 656 4162 vehendi,
675 4073 924 4170 spectaculaque
939 4075 1069 4170 publice
1088 4077 1202 4147 edendi
1219 4079 1275 4172 jus
1296 4077 1423 4146 tribuit
1442 4102 1450 4143 ε
