3108 5434
523 511 703 570 erasmus.
879 490 886 501 '
1075 513 1128 571 15³
1219 523 1224 530 ·

104 631 142 700 ad
152 655 286 701 causam
299 631 473 704 dicendam
483 637 604 728 partim
617 659 653 706 ae
664 635 755 706 domi
765 635 1036 724 vulneraverunt,
1049 641 1131 707 certi

104 751 340 841 damnationis,
360 750 417 822 sed
440 752 483 822 ad
500 755 707 824 vexationem
727 755 1007 850 ignominiamque
1024 757 1132 826 vitan·

105 871 197 958 dam;
221 872 344 964 partim
368 871 404 941 in
431 871 538 942 media
562 874 655 944 curia
677 897 842 943 venenum
867 873 1067 961 hauserunt,
1099 889 1134 944 et

106 1003 212 1058 umen
232 987 397 1084 colligatis
414 987 624 1079 uulnetibus,
644 1015 682 1062 ac
699 993 905 1062 semianimes
919 991 1133 1088 palpitantes-

107 1109 218 1201 quein
235 1133 401 1179 caroetem
421 1111 518 1205 rapti.
540 1113 650 1180 Nemo
663 1112 857 1206 punitorum
875 1135 944 1182 non
961 1127 995 1182 et
1014 1113 1049 1180 in
1065 1115 1133 1182 Ge·

107 1229 229 1296 monias
244 1227 408 1322 abjectus,
425 1251 576 1323 uncoque
595 1243 739 1316 tractus;
757 1231 875 1324 viginti
893 1255 961 1300 uno
975 1230 1046 1317 die,
1064 1227 1134 1325 [ab-

104 1347 176 1438 jecti
200 1350 368 1442 tractique
387 1347 486 1447 sunt]
508 1351 595 1420 inter
612 1375 668 1420 eos
684 1349 815 1420 feminae
831 1364 865 1420 et
884 1351 988 1444 pueri.
1010 1354 1134 1420 Imma·

107 1481 185 1536 turm
193 1466 331 1562 puellae,
349 1469 427 1562 quia
440 1495 533 1539 more
547 1470 670 1540 tradito
679 1469 771 1540 nefas
784 1485 868 1540 esset
877 1471 1020 1564 virgines
1030 1483 1135 1538 stran-

108 1585 229 1682 gulari,
247 1588 371 1658 vitiatae
387 1589 480 1684 prius
496 1615 517 1660 a
534 1590 706 1678 carnifice,
724 1587 800 1658 dein
812 1587 1031 1684 strangulatae.
1044 1593 1134 1660 Mori

108 1705 293 1776 volentibus
311 1709 360 1776 vis
379 1707 526 1778 adhibita
542 1709 683 1778 vivendi.
705 1711 792 1780 Nam
813 1723 953 1778 mortem
967 1709 1049 1788 adeo
1064 1708 1135 1780 leve

109 1826 307 1920 supplicium
329 1827 487 1920 putabat,
506 1843 560 1915 ut,
579 1851 683 1921 quum
705 1827 863 1915 audisset,
882 1852 985 1898 unum
1009 1854 1028 1898 e
1052 1829 1135 1916 reis,

110 1945 303 2016 Camulium
314 1944 1136 2040 nomine,anticipassecam,exclamaverit:char-

109 2065 216 2134 nulius
234 2091 290 2134 me
309 2067 448 2136 evasit.»
465 2069 508 2136 Et
525 2067 560 2134 in
577 2065 849 2160 recognoscendis
868 2066 1041 2155 custodiis,
1061 2092 1136 2160 pre·

111 2187 193 2254 canti
212 2185 347 2255 cuidam
368 2209 470 2280 poenae
488 2186 712 2254 maturitatem
731 2185 903 2279 respondit
920 2211 928 2254 ε
947 2187 1135 2257 «Nondum

111 2319 214 2372 tecum
238 2305 273 2372 in
296 2305 434 2399 gratiam
455 2305 547 2374 redii.
560 2335 577 2370 a
594 2302 777 2376 Annalibus
801 2305 868 2374 suis
887 2305 939 2374 vir
956 2304 1137 2376 consularis

111 2425 267 2512 inseruit,
284 2423 450 2518 frequenti
465 2423 634 2517 quondam
650 2425 820 2509 convivio,
836 2426 889 2494 cui
904 2441 937 2494 et
951 2426 1021 2520 ipse
1035 2425 1137 2496 affue-

111 2546 169 2632 rit,
188 2547 431 2640 interrogatum
453 2571 529 2614 eum
547 2546 708 2614 subitost
727 2544 814 2614 clare
835 2545 1014 2638 aquodam
1033 2570 1137 2633 nano,

112 2666 260 2736 adstante
279 2691 400 2736 meuses
418 2667 505 2736 inter
521 2673 676 2761 copreae,
697 2691 758 2735 cur
775 2669 938 2735 Paconius
960 2667 1138 2758 majestatis

111 2811 183 2860 reus
196 2804 267 2860 tam
286 2788 342 2858 diu
356 2790 495 2878 viveret,
510 2789 620 2858 statim
637 2785 771 2882 quidein
788 2784 1005 2882 petulantiam
1018 2784 1138 2879 lingue

112 2908 317 3004 objurgasse,
337 2923 482 2978 ceterum
498 2921 574 3003 post
587 2931 710 3003 paucos
727 2904 796 2976 dies
812 2906 980 3001 scripsisse
993 2906 1138 2994 senatui,

112 3044 148 3098 ut
163 3029 204 3099 de
219 3055 322 3126 poena
339 3029 473 3100 Paeonii
491 3029 737 3123 quamprimum
751 3040 920 3097 statueret.

157 3153 267 3220 LXII.
294 3150 399 3220 Auxit
423 3147 631 3242 intenditque
656 3148 834 3234 sevitiam,
854 3148 1066 3216 exacerbatus
1089 3147 1139 3216 in-

111 3269 196 3342 dicio
220 3268 264 3340 de
286 3284 394 3340 morte
414 3266 475 3336 filii
498 3268 549 3338 sui
573 3269 675 3337 Drusi
691 3293 700 3335 ε
715 3291 813 3361 quem
837 3289 941 3359 quum
966 3267 1083 3336 morbo
1106 3280 1140 3336 et

112 3391 366 3487 intemperantia
380 3391 503 3484 perisse
516 3390 732 3475 existimaret,
746 3403 784 3456 ut
799 3385 932 3456 tandem
947 3411 1076 3456 veneno
1089 3387 1139 3456 in-

114 3525 291 3582 teremtum
308 3509 424 3580 fraude
442 3509 570 3580 Liuillae
588 3510 698 3578 uxoris
715 3523 815 3601 atque
835 3507 943 3601 Sejani
965 3507 1118 3601 cognovit
1128 3557 1139 3594 ,

112 3659 219 3728 neque
242 3633 417 3702 tormentis
440 3655 549 3726 aeque
571 3628 733 3725 supplicio
755 3630 946 3722 cujusquam
973 3625 1139 3720 pepercit;

111 3753 174 3823 soli
190 3755 271 3823 huic
286 3753 467 3846 cognitioni
482 3749 564 3820 adeo
578 3775 638 3846 per
655 3764 742 3819 totos
754 3747 823 3817 dies
840 3747 969 3816 deditus
984 3760 1018 3815 et
1029 3745 1138 3813 inten-

112 3889 186 3962 tus,
203 3888 244 3942 ut
255 3871 478 3943 Rhodiensem
495 3872 674 3964 hospitem,
690 3893 788 3962 quem
798 3864 1012 3938 familiaribus
1024 3860 1139 3934 litteris

110 3999 257 4064 Romam
282 4007 453 4077 evocarat,
481 3989 648 4060 advenisse
673 3990 735 4058 sibi
759 3987 967 4071 nunciatum,
992 3982 1139 4075 torqueri

109 4115 185 4184 sine
198 4137 293 4182 mora
301 4111 451 4206 jusserit,
469 4111 562 4204 quasi
576 4107 693 4201 aliquis
710 4133 750 4177 ex
764 4105 952 4176 necessariis
967 4101 1139 4196 quaestioni
