3138 5438
441 527 470 582 c.
493 497 630 582 nnius'
644 525 778 582 essm.
1088 526 1121 582 ar

116 653 240 720 munium
261 649 519 718 obtrectatomm
543 651 789 718 criminationes
811 651 993 744 purgantis.
1017 651 1127 746 Apud

115 769 210 840 utta
227 794 359 863 quoque
379 771 414 838 in
435 769 619 865 Humum,
640 768 728 836 idem
749 773 919 863 Augustus
939 769 1122 837 orationem

113 915 167 958 asse
183 891 231 957 rix
249 891 351 982 ipsius
370 904 468 983 putat
488 915 496 957 ι
516 913 588 983 qua·
609 903 719 958 tamen
739 887 860 982 duplex
882 887 1016 958 fertur:
1036 913 1137 974 una,
1164 963 1167 968 ,

114 1011 185 1101 quasi
201 1010 308 1102 priore
324 1007 439 1076 habita
455 1007 588 1102 prmlio;
607 1007 730 1095 altera,
745 1009 945 1102 posteriore3
963 1031 1030 1100 quo
1047 1009 1121 1077 Asi·

114 1130 171 1196 nius
183 1126 282 1196 Pollio
297 1153 339 1196 ne
352 1142 483 1221 tempus
494 1125 628 1220 quidem
642 1125 862 1196 concionandi
879 1125 1033 1196 habuisse
1046 1153 1122 1198 curn

111 1246 187 1334 dicit,
205 1249 314 1316 subita
331 1248 477 1316 hostium
497 1247 693 1315 incursione.

146 1369 219 1434 LVI.
246 1365 395 1458 Reliquit
412 1380 445 1433 et
461 1389 572 1433 rernm
589 1389 724 1434 suarum
740 1367 1023 1454 Commentarios,
1040 1367 1122 1436 Gal·

109 1483 162 1572 lici,
174 1484 351 1578 civilisque
367 1483 445 1552 belli
461 1485 663 1578 Pompeiani.
679 1486 765 1552 Nam
784 1483 1018 1574 Alexandrini,
1034 1485 1122 1555 Afri·

107 1605 183 1696 cique
203 1620 233 1673 ct
259 1605 505 1698 Hispaniensis,
533 1605 675 1672 incertus
707 1618 825 1673 auctor
843 1619 911 1674 est.
943 1604 1007 1676 Atii
1033 1607 1121 1674 enim

107 1724 230 1815 Oppium
251 1737 393 1816 putant,
419 1722 473 1790 alii
496 1725 642 1792 Hirtium
667 1747 676 1790 ε
697 1724 755 1816 qui
777 1724 875 1791 ctiam
900 1723 1018 1794 Gallici
1045 1723 1121 1792 belli

105 1843 300 1911 noviuimum
339 1841 632 1935 imperfectumque
665 1840 787 1911 librum
826 1841 1037 1937 suppleverit.
1071 1847 1122 1912 De

105 1961 337 2030 Conmentariis
354 1963 492 2030 Caesaris
509 1963 627 2031 Cicero
643 1963 677 2029 in
696 1961 812 2030 eodem
830 1960 915 2030 libro
932 1963 978 2031 sic
993 1962 1091 2032 refert
1111 1987 1119 2030 ε
1172 1958 1175 1970 ’

103 2082 374 2149 «commentarios
395 2081 537 2174 scripsit,
554 2079 650 2149 valde
664 2079 798 2174 quidem
814 2080 1024 2174 probandos:
1039 2083 1122 2152 nudi

102 2213 180 2281 sunt,
193 2201 295 2288 necti,
314 2215 348 2267 et
362 2201 508 2286 venusti,
526 2200 617 2268 omni
635 2213 756 2268 ornatu
774 2201 946 2288 orationis,
964 2215 1120 2294 tanquam

102 2332 173 2385 teste
189 2318 338 2388 detracta
357 2345 365 2387 ε
381 2319 438 2388 sed
455 2319 534 2388 dum
550 2319 656 2389 voluit
671 2319 752 2389 alios
765 2321 886 2390 habere
902 2335 1016 2415 parata
1031 2321 1120 2390 unde

99 2453 267 2528 sumerent,
293 2440 352 2532 qui
376 2437 498 2508 vellent
525 2441 667 2508 scribere
690 2440 880 2525 historiam,
901 2441 1018 2534 ineptis
1043 2465 1118 2534 gra·

100 2569 153 2625 tun
174 2557 313 2628 fortasse
333 2558 430 2646 fecit,
454 2559 512 2652 qui
535 2557 589 2628 illa
614 2557 726 2627 volent
749 2555 943 2627 calamistris
966 2561 1118 2644 inurere,
1229 2605 1235 2619 «

97 2698 175 2746 sanos
189 2678 326 2771 quidem
340 2679 490 2746 homines
504 2701 524 2747 a
537 2677 710 2746 scribendo
725 2676 923 2746 deterruit.»
938 2681 989 2747 De
1003 2679 1117 2747 iisdem

92 2795 333 2867 Commentariis
355 2799 483 2866 Hirtius
508 2799 554 2866 ita
586 2797 741 2892 praedicat
760 2823 768 2864 ι
787 2797 906 2866 «Adeo
934 2797 1119 2892 probantur

95 2917 223 2984 omniurn
246 2915 397 3010 judicio,
424 2931 462 2985 ut
490 2931 670 3012 praercpta,
685 2904 766 2985 'non
798 2912 954 3010 praebita',
982 2915 1118 2983 facultas

93 3036 295 3128 sciptoribus
322 3037 484 3104 videatur.
512 3037 617 3129 Cujus
644 3051 753 3104 tamen
779 3037 826 3104 rei
854 3036 960 3128 major
985 3049 1116 3120 nostra,

91 3173 172 3242 quam
186 3153 397 3249 reliquorum
412 3171 461 3224 est
475 3155 659 3224 admiratio.
675 3156 785 3224 Ceteri
803 3155 906 3240 enim,
921 3153 1118 3247 quambene

92 3285 173 3364 atque
189 3273 385 3362 emendate,
405 3299 466 3342 nos
486 3275 603 3362 etiam,
623 3299 722 3366 quam
742 3271 836 3342 facile
853 3287 951 3365 atque
970 3269 1118 3341 celeriter

91 3415 134 3458 eos
154 3393 409 3488 perscripserit,
431 3394 561 3462 scimus.
574 3423 591 3458 a
613 3389 719 3462 Pollio
742 3393 877 3460 Asinius
900 3415 1018 3485 parum
1042 3389 1117 3484 dili·

89 3525 203 3601 genter,
232 3537 425 3608 parumque
457 3513 583 3606 integra
610 3513 748 3580 veritate
775 3511 973 3606 compositos
1000 3524 1116 3603 putat,

88 3635 300 3718 quumcaesar
313 3629 469 3725 pleraque
478 3645 510 3699 et
520 3655 593 3724 quae
606 3655 665 3724 per
673 3629 754 3699 alios
768 3644 862 3699 erant
875 3644 981 3723 gesta,
993 3643 1116 3696 temere

86 3744 263 3836 tradiderit,
286 3763 323 3818 et
340 3773 414 3842 qnae
432 3773 492 3842 per
517 3774 567 3835 se,
587 3748 638 3818 vel
661 3747 831 3826 consulto,
850 3746 901 3816 vel
927 3749 1025 3816 etiam
1047 3771 1116 3814 rne-

85 3867 174 3936 noria
194 3867 332 3964 lapsus,
352 3893 526 3962 perperam
544 3867 703 3954 ediderit,
723 3869 951 3959 existimatque
974 3867 1115 3958 rescrip-

84 3996 182 4054 turum
198 4003 232 4056 et
257 4001 492 4056 conecturunt
510 3987 618 4056 finisse.
641 3986 787 4080 Reliquit
811 4000 844 4054 et
867 3987 919 4054 De
942 3983 1113 4077 Analogia

84 4099 170 4174 libros
182 4105 289 4197 duos,
305 4121 339 4174 et
353 4105 576 4176 Anticatones
590 4105 745 4193 totidem,
761 4131 798 4173 ac
812 4117 968 4199 praeterea
983 4083 1114 4198 poema,
