<?xml version="1.0" encoding="UTF-8"?>
<!DOCTYPE html PUBLIC "-//W3C//DTD XHTML 1.0 Transitional//EN"
    "http://www.w3.org/TR/xhtml1/DTD/xhtml1-transitional.dtd">
<html xmlns="http://www.w3.org/1999/xhtml" xml:lang="en" lang="en">
 <head>
  <title>
</title>
<meta http-equiv="Content-Type" content="text/html;charset=utf-8" />
  <meta name='ocr-system' content='tesseract 3.04.00' />
  <meta name='ocr-capabilities' content='ocr_page ocr_carea ocr_par ocr_line ocrx_word'/>
</head>
<body>
  <div class='ocr_page' id='page_1' title='image "./caiisuetonitran00grosgoog_0236.png"; bbox 0 0 3114 5446; ppageno 0'>
   <div class='ocr_carea' id='block_1_1' title="bbox 69 509 1189 4192">
    <p class='ocr_par' dir='ltr' id='par_1_1' title="bbox 225 509 1107 584">
     <span class='ocr_line' id='line_1_1' title="bbox 225 509 1107 584; baseline 0.003 -19"><span class='ocrx_word' id='word_1_1' title='bbox 225 577 228 584; x_wconf 88' lang='lat'><em>.</em></span> <span class='ocrx_word' id='word_1_2' title='bbox 497 509 697 566; x_wconf 72' lang='lat' dir='ltr'>CLAUDIUS.</span> <span class='ocrx_word' id='word_1_3' title='bbox 1021 549 1026 560; x_wconf 87' lang='lat'>·</span> <span class='ocrx_word' id='word_1_4' title='bbox 1053 531 1107 582; x_wconf 86' lang='lat' dir='ltr'><strong>ao7</strong></span> 
     </span>
    </p>

    <p class='ocr_par' dir='ltr' id='par_1_2' title="bbox 83 629 1111 2993">
     <span class='ocr_line' id='line_1_2' title="bbox 128 629 1107 728; baseline 0.004 -28"><span class='ocrx_word' id='word_1_5' title='bbox 128 635 187 702; x_wconf 82' lang='lat' dir='ltr'><strong>IX.</strong></span> <span class='ocrx_word' id='word_1_6' title='bbox 213 631 280 700; x_wconf 89' lang='lat' dir='ltr'><strong>Sed</strong></span> <span class='ocrx_word' id='word_1_7' title='bbox 303 657 345 700; x_wconf 92' lang='lat' dir='ltr'><strong>ne</strong></span> <span class='ocrx_word' id='word_1_8' title='bbox 368 629 610 702; x_wconf 80' lang='lat' dir='ltr'><strong>discriminibus</strong></span> <span class='ocrx_word' id='word_1_9' title='bbox 635 632 768 727; x_wconf 91' lang='lat' dir='ltr'><strong>quidem</strong></span> <span class='ocrx_word' id='word_1_10' title='bbox 791 635 933 702; x_wconf 85' lang='lat' dir='ltr'><strong>caruit:</strong></span> <span class='ocrx_word' id='word_1_11' title='bbox 965 635 1107 728; x_wconf 89' lang='lat' dir='ltr'><strong>primum</strong></span> 
     </span>
     <span class='ocr_line' id='line_1_3' title="bbox 88 749 1106 844; baseline 0.008 -26"><span class='ocrx_word' id='word_1_12' title='bbox 88 753 115 819; x_wconf 91' lang='lat' dir='ltr'><strong>in</strong></span> <span class='ocrx_word' id='word_1_13' title='bbox 135 752 206 844; x_wconf 88' lang='lat' dir='ltr'><strong>ipso</strong></span> <span class='ocrx_word' id='word_1_14' title='bbox 223 749 413 836; x_wconf 85' lang='lat' dir='ltr'><strong>consulatu,</strong></span> <span class='ocrx_word' id='word_1_15' title='bbox 427 751 517 844; x_wconf 89' lang='lat' dir='ltr'><strong>quod</strong></span> <span class='ocrx_word' id='word_1_16' title='bbox 530 753 671 822; x_wconf 90' lang='lat' dir='ltr'><strong>Neronis</strong></span> <span class='ocrx_word' id='word_1_17' title='bbox 686 767 720 821; x_wconf 89' lang='lat' dir='ltr'><strong>et</strong></span> <span class='ocrx_word' id='word_1_18' title='bbox 734 753 858 839; x_wconf 81' lang='lat' dir='ltr'><strong>Drusi,</strong></span> <span class='ocrx_word' id='word_1_19' title='bbox 878 753 1017 826; x_wconf 76' lang='lat' dir='ltr'>fratrum</span> <span class='ocrx_word' id='word_1_20' title='bbox 1036 758 1106 826; x_wconf 84' lang='lat' dir='ltr'><strong>Cae·</strong></span> 
     </span>
     <span class='ocr_line' id='line_1_4' title="bbox 88 869 1107 967; baseline 0.004 -27"><span class='ocrx_word' id='word_1_21' title='bbox 88 873 176 959; x_wconf 86' lang='lat' dir='ltr'><strong>saris,</strong></span> <span class='ocrx_word' id='word_1_22' title='bbox 194 885 320 941; x_wconf 86' lang='lat' dir='ltr'><strong>statuas</strong></span> <span class='ocrx_word' id='word_1_23' title='bbox 339 873 471 967; x_wconf 88' lang='lat' dir='ltr'><strong>segnius</strong></span> <span class='ocrx_word' id='word_1_24' title='bbox 498 869 652 942; x_wconf 89' lang='lat' dir='ltr'><strong>locandas</strong></span> <span class='ocrx_word' id='word_1_25' title='bbox 680 873 916 967; x_wconf 88' lang='lat' dir='ltr'><strong>ponendasque</strong></span> <span class='ocrx_word' id='word_1_26' title='bbox 940 887 1107 960; x_wconf 77' lang='lat' dir='ltr'>curasset,</span> 
     </span>
     <span class='ocr_line' id='line_1_5' title="bbox 90 991 1106 1085; baseline 0.002 -25"><span class='ocrx_word' id='word_1_27' title='bbox 90 1015 170 1085; x_wconf 79' lang='lat' dir='ltr'><strong>pene</strong></span> <span class='ocrx_word' id='word_1_28' title='bbox 187 991 316 1060; x_wconf 90' lang='lat' dir='ltr'><strong>honore</strong></span> <span class='ocrx_word' id='word_1_29' title='bbox 337 1005 520 1070; x_wconf 89' lang='lat' dir='ltr'><strong>summotus</strong></span> <span class='ocrx_word' id='word_1_30' title='bbox 536 1007 600 1080; x_wconf 83' lang='lat' dir='ltr'><strong>est3</strong></span> <span class='ocrx_word' id='word_1_31' title='bbox 619 991 754 1079; x_wconf 90' lang='lat' dir='ltr'><strong>deinde,</strong></span> <span class='ocrx_word' id='word_1_32' title='bbox 772 1005 928 1062; x_wconf 83' lang='lat' dir='ltr'><strong>extraneo</strong></span> <span class='ocrx_word' id='word_1_33' title='bbox 944 992 994 1062; x_wconf 85' lang='lat' dir='ltr'><strong>vel</strong></span> <span class='ocrx_word' id='word_1_34' title='bbox 1008 995 1106 1065; x_wconf 87' lang='lat' dir='ltr'><strong>etiam</strong></span> 
     </span>
     <span class='ocr_line' id='line_1_6' title="bbox 90 1110 1106 1206; baseline 0.003 -27"><span class='ocrx_word' id='word_1_35' title='bbox 90 1111 338 1180; x_wconf 88' lang='lat' dir='ltr'><strong>domesticorum</strong></span> <span class='ocrx_word' id='word_1_36' title='bbox 366 1110 478 1206; x_wconf 88' lang='lat' dir='ltr'><strong>aliquo</strong></span> <span class='ocrx_word' id='word_1_37' title='bbox 509 1111 695 1200; x_wconf 83' lang='lat' dir='ltr'><strong>deferente,</strong></span> <span class='ocrx_word' id='word_1_38' title='bbox 721 1111 850 1180; x_wconf 81' lang='lat' dir='ltr'><strong>assidue</strong></span> <span class='ocrx_word' id='word_1_39' title='bbox 869 1114 1024 1206; x_wconf 87' lang='lat' dir='ltr'><strong>varieque</strong></span> <span class='ocrx_word' id='word_1_40' title='bbox 1054 1115 1106 1182; x_wconf 94' lang='lat' dir='ltr'><strong>in·</strong></span> 
     </span>
     <span class='ocr_line' id='line_1_7' title="bbox 91 1228 1108 1324; baseline 0.002 -26"><span class='ocrx_word' id='word_1_41' title='bbox 91 1231 258 1323; x_wconf 88' lang='lat' dir='ltr'><strong>quietatus.</strong></span> <span class='ocrx_word' id='word_1_42' title='bbox 297 1229 411 1318; x_wconf 86' lang='lat' dir='ltr'><strong>Quum</strong></span> <span class='ocrx_word' id='word_1_43' title='bbox 433 1255 512 1300; x_wconf 89' lang='lat' dir='ltr'><strong>vero</strong></span> <span class='ocrx_word' id='word_1_44' title='bbox 528 1231 657 1300; x_wconf 89' lang='lat' dir='ltr'><strong>detecta</strong></span> <span class='ocrx_word' id='word_1_45' title='bbox 675 1243 759 1299; x_wconf 88' lang='lat' dir='ltr'><strong>esset</strong></span> <span class='ocrx_word' id='word_1_46' title='bbox 773 1228 889 1324; x_wconf 80' lang='lat' dir='ltr'><strong>Lepidi</strong></span> <span class='ocrx_word' id='word_1_47' title='bbox 904 1245 937 1300; x_wconf 90' lang='lat' dir='ltr'><strong>et</strong></span> <span class='ocrx_word' id='word_1_48' title='bbox 955 1231 1108 1300; x_wconf 70' lang='lat' dir='ltr'><strong>Gaetulici</strong></span> 
     </span>
     <span class='ocr_line' id='line_1_8' title="bbox 91 1349 1108 1446; baseline 0 -26"><span class='ocrx_word' id='word_1_49' title='bbox 91 1353 283 1444; x_wconf 85' lang='lat' dir='ltr'><strong>conjuratio,</strong></span> <span class='ocrx_word' id='word_1_50' title='bbox 300 1353 427 1422; x_wconf 83' lang='lat' dir='ltr'><strong>missus&#39;</strong></span> <span class='ocrx_word' id='word_1_51' title='bbox 435 1353 470 1420; x_wconf 91' lang='lat' dir='ltr'><strong>in</strong></span> <span class='ocrx_word' id='word_1_52' title='bbox 490 1351 704 1421; x_wconf 79' lang='lat' dir='ltr'><strong>Germaniam</strong></span> <span class='ocrx_word' id='word_1_53' title='bbox 724 1351 812 1420; x_wconf 88' lang='lat' dir='ltr'><strong>inter</strong></span> <span class='ocrx_word' id='word_1_54' title='bbox 831 1349 955 1444; x_wconf 89' lang='lat' dir='ltr'><strong>legatos</strong></span> <span class='ocrx_word' id='word_1_55' title='bbox 975 1350 1017 1419; x_wconf 95' lang='lat' dir='ltr'><strong>ad</strong></span> <span class='ocrx_word' id='word_1_56' title='bbox 1033 1375 1108 1446; x_wconf 89' lang='lat' dir='ltr'><strong>gra·</strong></span> 
     </span>
     <span class='ocr_line' id='line_1_9' title="bbox 91 1449 1108 1566; baseline -0.001 -27"><span class='ocrx_word' id='word_1_57' title='bbox 91 1469 277 1557; x_wconf 89' lang='lat' dir='ltr'><strong>tulandum,</strong></span> <span class='ocrx_word' id='word_1_58' title='bbox 304 1471 402 1540; x_wconf 89' lang='lat' dir='ltr'><strong>etiam</strong></span> <span class='ocrx_word' id='word_1_59' title='bbox 426 1471 509 1540; x_wconf 73' lang='lat' dir='ltr'><strong>vitae.</strong></span> <span class='ocrx_word' id='word_1_60' title='bbox 525 1469 707 1566; x_wconf 90' lang='lat' dir='ltr'><strong>periculum</strong></span> <span class='ocrx_word' id='word_1_61' title='bbox 729 1449 834 1538; x_wconf 87' lang='lat' dir='ltr'><strong>adiit:</strong></span> <span class='ocrx_word' id='word_1_62' title='bbox 853 1469 1045 1564; x_wconf 82' lang='lat' dir='ltr'><strong>indignante</strong></span> <span class='ocrx_word' id='word_1_63' title='bbox 1070 1495 1108 1538; x_wconf 89' lang='lat' dir='ltr'><strong>ac</strong></span> 
     </span>
     <span class='ocr_line' id='line_1_10' title="bbox 90 1589 1108 1686; baseline -0.003 -27"><span class='ocrx_word' id='word_1_64' title='bbox 90 1590 241 1660; x_wconf 83' lang='lat' dir='ltr'><strong>fremente</strong></span> <span class='ocrx_word' id='word_1_65' title='bbox 256 1589 351 1676; x_wconf 83' lang='lat' dir='ltr'><strong>Caio,</strong></span> <span class='ocrx_word' id='word_1_66' title='bbox 362 1605 517 1684; x_wconf 87' lang='lat' dir='ltr'><strong>patruum</strong></span> <span class='ocrx_word' id='word_1_67' title='bbox 530 1590 737 1686; x_wconf 87' lang='lat' dir='ltr'><strong>potissimum</strong></span> <span class='ocrx_word' id='word_1_68' title='bbox 746 1589 789 1657; x_wconf 90' lang='lat' dir='ltr'><strong>ad</strong></span> <span class='ocrx_word' id='word_1_69' title='bbox 803 1613 836 1657; x_wconf 85' lang='lat' dir='ltr'><strong>se</strong></span> <span class='ocrx_word' id='word_1_70' title='bbox 850 1589 997 1675; x_wconf 89' lang='lat' dir='ltr'><strong>missum,</strong></span> <span class='ocrx_word' id='word_1_71' title='bbox 1014 1591 1108 1682; x_wconf 88' lang='lat' dir='ltr'><strong>quasi</strong></span> 
     </span>
     <span class='ocr_line' id='line_1_11' title="bbox 90 1707 1107 1804; baseline -0.001 -27"><span class='ocrx_word' id='word_1_72' title='bbox 90 1709 124 1777; x_wconf 88' lang='lat' dir='ltr'><strong>ad</strong></span> <span class='ocrx_word' id='word_1_73' title='bbox 136 1735 277 1804; x_wconf 89' lang='lat' dir='ltr'><strong>puerum</strong></span> <span class='ocrx_word' id='word_1_74' title='bbox 299 1709 497 1804; x_wconf 67' lang='lat' dir='ltr'><strong>regendum</strong></span> <span class='ocrx_word' id='word_1_75' title='bbox 516 1707 615 1794; x_wconf 89' lang='lat' dir='ltr'><strong>adeo,</strong></span> <span class='ocrx_word' id='word_1_76' title='bbox 631 1722 670 1776; x_wconf 91' lang='lat' dir='ltr'><strong>ut</strong></span> <span class='ocrx_word' id='word_1_77' title='bbox 685 1733 753 1781; x_wconf 87' lang='lat' dir='ltr'><strong>nnn</strong></span> <span class='ocrx_word' id='word_1_78' title='bbox 768 1707 948 1792; x_wconf 75' lang='lat' dir='ltr'><strong>defuerint,</strong></span> <span class='ocrx_word' id='word_1_79' title='bbox 967 1709 1024 1800; x_wconf 92' lang='lat' dir='ltr'><strong>qui</strong></span> <span class='ocrx_word' id='word_1_80' title='bbox 1039 1721 1107 1776; x_wconf 85' lang='lat' dir='ltr'><strong>tra·</strong></span> 
     </span>
     <span class='ocr_line' id='line_1_12' title="bbox 89 1825 1109 1924; baseline -0.002 -26"><span class='ocrx_word' id='word_1_81' title='bbox 89 1830 216 1918; x_wconf 85' lang='lat' dir='ltr'><strong>derent,</strong></span> <span class='ocrx_word' id='word_1_82' title='bbox 239 1831 479 1924; x_wconf 69' lang='lat' dir='ltr'><strong>precipitatum</strong></span> <span class='ocrx_word' id='word_1_83' title='bbox 504 1851 635 1922; x_wconf 91' lang='lat' dir='ltr'><strong>quoque</strong></span> <span class='ocrx_word' id='word_1_84' title='bbox 658 1829 692 1896; x_wconf 93' lang='lat' dir='ltr'><strong>in</strong></span> <span class='ocrx_word' id='word_1_85' title='bbox 715 1825 853 1912; x_wconf 85' lang='lat' dir='ltr'><strong>flumen,</strong></span> <span class='ocrx_word' id='word_1_86' title='bbox 871 1827 955 1895; x_wconf 91' lang='lat' dir='ltr'><strong>sicut</strong></span> <span class='ocrx_word' id='word_1_87' title='bbox 974 1829 1109 1896; x_wconf 88' lang='lat' dir='ltr'><strong>vestitus</strong></span> 
     </span>
     <span class='ocr_line' id='line_1_13' title="bbox 90 1947 1111 2042; baseline -0.003 -25"><span class='ocrx_word' id='word_1_88' title='bbox 90 1949 269 2019; x_wconf 75' lang='lat' dir='ltr'><strong>advenerat</strong></span> <span class='ocrx_word' id='word_1_89' title='bbox 287 1957 394 2042; x_wconf 83' lang='lat' dir='ltr'><strong>Atque</strong></span> <span class='ocrx_word' id='word_1_90' title='bbox 414 1973 452 2017; x_wconf 85' lang='lat' dir='ltr'><strong>ex</strong></span> <span class='ocrx_word' id='word_1_91' title='bbox 467 1973 506 2017; x_wconf 86' lang='lat' dir='ltr'><strong>eo</strong></span> <span class='ocrx_word' id='word_1_92' title='bbox 523 1971 694 2040; x_wconf 86' lang='lat' dir='ltr'><strong>nunquam</strong></span> <span class='ocrx_word' id='word_1_93' title='bbox 711 1971 777 2016; x_wconf 93' lang='lat' dir='ltr'><strong>non</strong></span> <span class='ocrx_word' id='word_1_94' title='bbox 790 1948 824 2014; x_wconf 93' lang='lat' dir='ltr'><strong>in</strong></span> <span class='ocrx_word' id='word_1_95' title='bbox 838 1960 953 2015; x_wconf 90' lang='lat' dir='ltr'><strong>senatu</strong></span> <span class='ocrx_word' id='word_1_96' title='bbox 972 1947 1111 2016; x_wconf 82' lang='lat' dir='ltr'><strong>novissi-</strong></span> 
     </span>
     <span class='ocr_line' id='line_1_14' title="bbox 89 2066 1106 2160; baseline -0.002 -22"><span class='ocrx_word' id='word_1_97' title='bbox 89 2095 154 2138; x_wconf 90' lang='lat' dir='ltr'><strong>mus</strong></span> <span class='ocrx_word' id='word_1_98' title='bbox 183 2067 409 2138; x_wconf 84' lang='lat' dir='ltr'><strong>consularium</strong></span> <span class='ocrx_word' id='word_1_99' title='bbox 440 2067 635 2137; x_wconf 90' lang='lat' dir='ltr'><strong>sententiam</strong></span> <span class='ocrx_word' id='word_1_100' title='bbox 666 2066 764 2153; x_wconf 84' lang='lat' dir='ltr'><strong>dixit,</strong></span> <span class='ocrx_word' id='word_1_101' title='bbox 789 2067 977 2160; x_wconf 80' lang='lat' dir='ltr'><strong>ignominiae</strong></span> <span class='ocrx_word' id='word_1_102' title='bbox 1008 2091 1106 2136; x_wconf 86' lang='lat' dir='ltr'><strong>causa</strong></span> 
     </span>
     <span class='ocr_line' id='line_1_15' title="bbox 88 2185 1107 2282; baseline -0.005 -24"><span class='ocrx_word' id='word_1_103' title='bbox 88 2204 156 2282; x_wconf 83' lang='lat' dir='ltr'><strong>post</strong></span> <span class='ocrx_word' id='word_1_104' title='bbox 170 2213 286 2259; x_wconf 87' lang='lat' dir='ltr'><strong>omnes</strong></span> <span class='ocrx_word' id='word_1_105' title='bbox 303 2189 532 2282; x_wconf 88' lang='lat' dir='ltr'><strong>interrogatus.</strong></span> <span class='ocrx_word' id='word_1_106' title='bbox 552 2187 661 2256; x_wconf 88' lang='lat' dir='ltr'><strong>Etiam</strong></span> <span class='ocrx_word' id='word_1_107' title='bbox 678 2187 823 2280; x_wconf 85' lang='lat' dir='ltr'><strong>cognitio</strong></span> <span class='ocrx_word' id='word_1_108' title='bbox 840 2185 911 2254; x_wconf 80' lang='lat' dir='ltr'><strong>falsi</strong></span> <span class='ocrx_word' id='word_1_109' title='bbox 922 2189 1107 2254; x_wconf 86' lang='lat' dir='ltr'><strong>testamenti</strong></span> 
     </span>
     <span class='ocr_line' id='line_1_16' title="bbox 88 2306 1107 2402; baseline -0.004 -26"><span class='ocrx_word' id='word_1_110' title='bbox 88 2324 212 2402; x_wconf 85' lang='lat' dir='ltr'><strong>recepta</strong></span> <span class='ocrx_word' id='word_1_111' title='bbox 230 2321 305 2394; x_wconf 80' lang='lat' dir='ltr'><strong>est,</strong></span> <span class='ocrx_word' id='word_1_112' title='bbox 321 2309 362 2375; x_wconf 84' lang='lat' dir='ltr'><strong>in·</strong></span> <span class='ocrx_word' id='word_1_113' title='bbox 381 2331 447 2400; x_wconf 93' lang='lat' dir='ltr'><strong>quo</strong></span> <span class='ocrx_word' id='word_1_114' title='bbox 464 2321 497 2375; x_wconf 90' lang='lat' dir='ltr'><strong>et</strong></span> <span class='ocrx_word' id='word_1_115' title='bbox 517 2307 586 2400; x_wconf 89' lang='lat' dir='ltr'><strong>ipse</strong></span> <span class='ocrx_word' id='word_1_116' title='bbox 604 2307 797 2401; x_wconf 81' lang='lat' dir='ltr'><strong>signaverat</strong></span> <span class='ocrx_word' id='word_1_117' title='bbox 818 2309 989 2374; x_wconf 89' lang='lat' dir='ltr'><strong>Postremo</strong></span> <span class='ocrx_word' id='word_1_118' title='bbox 1009 2306 1107 2373; x_wconf 89' lang='lat' dir='ltr'><strong>etiarn</strong></span> 
     </span>
     <span class='ocr_line' id='line_1_17' title="bbox 87 2424 1110 2521; baseline -0.004 -25"><span class='ocrx_word' id='word_1_119' title='bbox 87 2429 270 2496; x_wconf 78' lang='lat' dir='ltr'><strong>sestertium</strong></span> <span class='ocrx_word' id='word_1_120' title='bbox 292 2428 435 2521; x_wconf 85' lang='lat' dir='ltr'><strong>octogies</strong></span> <span class='ocrx_word' id='word_1_121' title='bbox 451 2451 513 2520; x_wconf 91' lang='lat' dir='ltr'><strong>pro</strong></span> <span class='ocrx_word' id='word_1_122' title='bbox 531 2427 667 2494; x_wconf 93' lang='lat' dir='ltr'><strong>introitu</strong></span> <span class='ocrx_word' id='word_1_123' title='bbox 685 2426 763 2494; x_wconf 89' lang='lat' dir='ltr'><strong>novi</strong></span> <span class='ocrx_word' id='word_1_124' title='bbox 783 2424 958 2492; x_wconf 89' lang='lat' dir='ltr'><strong>sacerdotii</strong></span> <span class='ocrx_word' id='word_1_125' title='bbox 977 2439 1110 2492; x_wconf 91' lang='lat' dir='ltr'><strong>coactus</strong></span> 
     </span>
     <span class='ocr_line' id='line_1_18' title="bbox 88 2543 1109 2640; baseline -0.001 -29"><span class='ocrx_word' id='word_1_126' title='bbox 88 2546 291 2640; x_wconf 85' lang='lat' dir='ltr'><strong>impendere,</strong></span> <span class='ocrx_word' id='word_1_127' title='bbox 315 2543 356 2613; x_wconf 90' lang='lat' dir='ltr'><strong>ad</strong></span> <span class='ocrx_word' id='word_1_128' title='bbox 380 2569 434 2614; x_wconf 88' lang='lat' dir='ltr'><strong>eas</strong></span> <span class='ocrx_word' id='word_1_129' title='bbox 454 2547 510 2623; x_wconf 86' lang='lat' dir='ltr'><strong>rci¹</strong></span> <span class='ocrx_word' id='word_1_130' title='bbox 521 2543 690 2613; x_wconf 83' lang='lat' dir='ltr'><strong>familiaris</strong></span> <span class='ocrx_word' id='word_1_131' title='bbox 709 2545 878 2636; x_wconf 87' lang='lat' dir='ltr'><strong>angustias</strong></span> <span class='ocrx_word' id='word_1_132' title='bbox 894 2543 1033 2639; x_wconf 82' lang='lat' dir='ltr'><strong>decidit,</strong></span> <span class='ocrx_word' id='word_1_133' title='bbox 1054 2558 1109 2630; x_wconf 92' lang='lat' dir='ltr'><strong>ut,</strong></span> 
     </span>
     <span class='ocr_line' id='line_1_19' title="bbox 86 2661 1110 2758; baseline -0.006 -24"><span class='ocrx_word' id='word_1_134' title='bbox 86 2689 183 2756; x_wconf 90' lang='lat' dir='ltr'><strong>quum</strong></span> <span class='ocrx_word' id='word_1_135' title='bbox 214 2663 396 2758; x_wconf 83' lang='lat' dir='ltr'><strong>obligatam</strong></span> <span class='ocrx_word' id='word_1_136' title='bbox 423 2665 539 2732; x_wconf 79' lang='lat' dir='ltr'><strong>aerario</strong></span> <span class='ocrx_word' id='word_1_137' title='bbox 565 2663 664 2732; x_wconf 88' lang='lat' dir='ltr'><strong>fidem</strong></span> <span class='ocrx_word' id='word_1_138' title='bbox 688 2661 827 2744; x_wconf 80' lang='lat' dir='ltr'><strong>liberare</strong></span> <span class='ocrx_word' id='word_1_139' title='bbox 851 2685 917 2730; x_wconf 90' lang='lat' dir='ltr'><strong>non</strong></span> <span class='ocrx_word' id='word_1_140' title='bbox 937 2675 1061 2754; x_wconf 88' lang='lat' dir='ltr'><strong>posset,</strong></span> <span class='ocrx_word' id='word_1_141' title='bbox 1077 2663 1110 2729; x_wconf 89' lang='lat' dir='ltr'><strong>in</strong></span> 
     </span>
     <span class='ocr_line' id='line_1_20' title="bbox 86 2779 1109 2878; baseline -0.003 -28"><span class='ocrx_word' id='word_1_142' title='bbox 86 2807 228 2853; x_wconf 79' lang='lat' dir='ltr'><strong>vacuum</strong></span> <span class='ocrx_word' id='word_1_143' title='bbox 246 2782 320 2878; x_wconf 86' lang='lat' dir='ltr'><strong>lege</strong></span> <span class='ocrx_word' id='word_1_144' title='bbox 336 2781 545 2878; x_wconf 89' lang='lat' dir='ltr'><strong>praediatoria</strong></span> <span class='ocrx_word' id='word_1_145' title='bbox 568 2781 692 2851; x_wconf 87' lang='lat' dir='ltr'><strong>venalis</strong></span> <span class='ocrx_word' id='word_1_146' title='bbox 717 2779 910 2874; x_wconf 87' lang='lat' dir='ltr'><strong>pependerit</strong></span> <span class='ocrx_word' id='word_1_147' title='bbox 927 2779 987 2848; x_wconf 91' lang='lat' dir='ltr'><strong>sub</strong></span> <span class='ocrx_word' id='word_1_148' title='bbox 1003 2779 1109 2848; x_wconf 89' lang='lat' dir='ltr'><strong>edicto</strong></span> 
     </span>
     <span class='ocr_line' id='line_1_21' title="bbox 83 2903 947 2993; baseline 0 -23"><span class='ocrx_word' id='word_1_149' title='bbox 83 2903 323 2993; x_wconf 69' lang='lat' dir='ltr'><strong>prefectorum.</strong></span> <span class='ocrx_word' id='word_1_150' title='bbox 442 2973 445 2979; x_wconf 75' lang='grc'><em>,</em></span> <span class='ocrx_word' id='word_1_151' title='bbox 942 2975 947 2982; x_wconf 65' lang='grc'><strong>,</strong></span> 
     </span>
    </p>

    <p class='ocr_par' dir='ltr' id='par_1_3' title="bbox 69 3020 1189 4192">
     <span class='ocr_line' id='line_1_22' title="bbox 125 3020 1109 3114; baseline -0.006 -22"><span class='ocrx_word' id='word_1_152' title='bbox 125 3027 171 3092; x_wconf 89' lang='lat' dir='ltr'><strong>X.</strong></span> <span class='ocrx_word' id='word_1_153' title='bbox 198 3027 263 3093; x_wconf 88' lang='lat' dir='ltr'><strong>Per</strong></span> <span class='ocrx_word' id='word_1_154' title='bbox 286 3023 355 3092; x_wconf 79' lang='lat' dir='ltr'><strong>haec</strong></span> <span class='ocrx_word' id='word_1_155' title='bbox 385 3047 423 3092; x_wconf 86' lang='lat' dir='ltr'><strong>ac</strong></span> <span class='ocrx_word' id='word_1_156' title='bbox 444 3020 522 3091; x_wconf 85' lang='lat' dir='ltr'><strong>talia</strong></span> <span class='ocrx_word' id='word_1_157' title='bbox 542 3023 682 3092; x_wconf 82' lang='lat' dir='ltr'><strong>maxima</strong></span> <span class='ocrx_word' id='word_1_158' title='bbox 700 3021 803 3090; x_wconf 72' lang='lat' dir='ltr'><strong>aetatis</strong></span> <span class='ocrx_word' id='word_1_159' title='bbox 821 3033 914 3114; x_wconf 90' lang='lat' dir='ltr'><strong>parte</strong></span> <span class='ocrx_word' id='word_1_160' title='bbox 928 3033 1109 3106; x_wconf 89' lang='lat' dir='ltr'><strong>transacta,</strong></span> 
     </span>
     <span class='ocr_line' id='line_1_23' title="bbox 81 3140 1110 3238; baseline -0.005 -27"><span class='ocrx_word' id='word_1_161' title='bbox 81 3143 354 3238; x_wconf 86' lang='lat' dir='ltr'><strong>quinquagesimo</strong></span> <span class='ocrx_word' id='word_1_162' title='bbox 369 3165 456 3212; x_wconf 90' lang='lat' dir='ltr'><strong>anuo</strong></span> <span class='ocrx_word' id='word_1_163' title='bbox 470 3143 643 3236; x_wconf 89' lang='lat' dir='ltr'><strong>imperium</strong></span> <span class='ocrx_word' id='word_1_164' title='bbox 661 3144 763 3235; x_wconf 88' lang='lat' dir='ltr'><strong>cepit,</strong></span> <span class='ocrx_word' id='word_1_165' title='bbox 780 3140 992 3234; x_wconf 86' lang='lat' dir='ltr'><strong>quantumvis</strong></span> <span class='ocrx_word' id='word_1_166' title='bbox 1009 3141 1110 3207; x_wconf 89' lang='lat' dir='ltr'><strong>mira-</strong></span> 
     </span>
     <span class='ocr_line' id='line_1_24' title="bbox 80 3258 1109 3343; baseline -0.004 -15"><span class='ocrx_word' id='word_1_167' title='bbox 80 3260 137 3330; x_wconf 91' lang='lat' dir='ltr'><strong>bili</strong></span> <span class='ocrx_word' id='word_1_168' title='bbox 157 3287 250 3332; x_wconf 88' lang='lat' dir='ltr'><strong>casu.</strong></span> <span class='ocrx_word' id='word_1_169' title='bbox 270 3261 431 3332; x_wconf 82' lang='lat' dir='ltr'><strong>Exclusus</strong></span> <span class='ocrx_word' id='word_1_170' title='bbox 452 3261 537 3330; x_wconf 89' lang='lat' dir='ltr'><strong>inter</strong></span> <span class='ocrx_word' id='word_1_171' title='bbox 551 3275 675 3329; x_wconf 87' lang='lat' dir='ltr'><strong>ceteros</strong></span> <span class='ocrx_word' id='word_1_172' title='bbox 692 3261 734 3329; x_wconf 88' lang='lat' dir='ltr'><strong>ab</strong></span> <span class='ocrx_word' id='word_1_173' title='bbox 754 3258 1000 3342; x_wconf 83' lang='lat' dir='ltr'><strong>insidiatoribus</strong></span> <span class='ocrx_word' id='word_1_174' title='bbox 1019 3259 1109 3343; x_wconf 87' lang='lat' dir='ltr'><strong>Caii,</strong></span> 
     </span>
     <span class='ocr_line' id='line_1_25' title="bbox 78 3378 1108 3475; baseline -0.004 -27"><span class='ocrx_word' id='word_1_175' title='bbox 78 3405 201 3472; x_wconf 91' lang='lat' dir='ltr'><strong>quum,</strong></span> <span class='ocrx_word' id='word_1_176' title='bbox 229 3382 324 3475; x_wconf 88' lang='lat' dir='ltr'><strong>quasi</strong></span> <span class='ocrx_word' id='word_1_177' title='bbox 351 3394 511 3450; x_wconf 87' lang='lat' dir='ltr'><strong>secretum</strong></span> <span class='ocrx_word' id='word_1_178' title='bbox 526 3403 565 3448; x_wconf 91' lang='lat' dir='ltr'><strong>eo</strong></span> <span class='ocrx_word' id='word_1_179' title='bbox 579 3378 796 3466; x_wconf 90' lang='lat' dir='ltr'><strong>desiderante,</strong></span> <span class='ocrx_word' id='word_1_180' title='bbox 809 3378 941 3447; x_wconf 87' lang='lat' dir='ltr'><strong>turbam</strong></span> <span class='ocrx_word' id='word_1_181' title='bbox 964 3401 1108 3445; x_wconf 87' lang='lat' dir='ltr'><strong>summo·</strong></span> 
     </span>
     <span class='ocr_line' id='line_1_26' title="bbox 78 3499 1106 3588; baseline -0.002 -22"><span class='ocrx_word' id='word_1_182' title='bbox 78 3515 212 3588; x_wconf 71' lang='lat' dir='ltr'><strong>ament,</strong></span> <span class='ocrx_word' id='word_1_183' title='bbox 232 3502 267 3568; x_wconf 91' lang='lat' dir='ltr'><strong>in</strong></span> <span class='ocrx_word' id='word_1_184' title='bbox 284 3499 430 3586; x_wconf 78' lang='lat' dir='ltr'><strong>diaetam,</strong></span> <span class='ocrx_word' id='word_1_185' title='bbox 444 3501 496 3568; x_wconf 93' lang='lat' dir='ltr'><strong>cui</strong></span> <span class='ocrx_word' id='word_1_186' title='bbox 508 3523 628 3567; x_wconf 88' lang='lat' dir='ltr'><strong>nomen</strong></span> <span class='ocrx_word' id='word_1_187' title='bbox 643 3513 691 3566; x_wconf 89' lang='lat' dir='ltr'><strong>est</strong></span> <span class='ocrx_word' id='word_1_188' title='bbox 704 3502 907 3586; x_wconf 75' lang='lat' dir='ltr'><strong>Hermaeum,</strong></span> <span class='ocrx_word' id='word_1_189' title='bbox 922 3512 1106 3566; x_wconf 89' lang='lat' dir='ltr'><strong>recesserat.</strong></span> 
     </span>
     <span class='ocr_line' id='line_1_27' title="bbox 75 3617 1109 3715; baseline -0.005 -26"><span class='ocrx_word' id='word_1_190' title='bbox 75 3623 199 3715; x_wconf 86' lang='lat' dir='ltr'><strong>Neque</strong></span> <span class='ocrx_word' id='word_1_191' title='bbox 219 3619 328 3690; x_wconf 89' lang='lat' dir='ltr'><strong>multo</strong></span> <span class='ocrx_word' id='word_1_192' title='bbox 350 3635 424 3714; x_wconf 88' lang='lat' dir='ltr'><strong>post</strong></span> <span class='ocrx_word' id='word_1_193' title='bbox 445 3643 577 3689; x_wconf 90' lang='lat' dir='ltr'><strong>rumore</strong></span> <span class='ocrx_word' id='word_1_194' title='bbox 603 3618 701 3687; x_wconf 88' lang='lat' dir='ltr'><strong>caedis</strong></span> <span class='ocrx_word' id='word_1_195' title='bbox 726 3619 917 3703; x_wconf 78' lang='lat' dir='ltr'><strong>exterritus,</strong></span> <span class='ocrx_word' id='word_1_196' title='bbox 944 3617 1109 3710; x_wconf 88' lang='lat' dir='ltr'><strong>prorepsit</strong></span> 
     </span>
     <span class='ocr_line' id='line_1_28' title="bbox 73 3733 1108 3834; baseline -0.004 -28"><span class='ocrx_word' id='word_1_197' title='bbox 73 3738 114 3807; x_wconf 92' lang='lat' dir='ltr'><strong>ad</strong></span> <span class='ocrx_word' id='word_1_198' title='bbox 127 3739 294 3810; x_wconf 88' lang='lat' dir='ltr'><strong>solarium</strong></span> <span class='ocrx_word' id='word_1_199' title='bbox 319 3741 525 3834; x_wconf 85' lang='lat' dir='ltr'><strong>proximum,</strong></span> <span class='ocrx_word' id='word_1_200' title='bbox 548 3740 697 3831; x_wconf 89' lang='lat' dir='ltr'><strong>interque</strong></span> <span class='ocrx_word' id='word_1_201' title='bbox 720 3749 876 3830; x_wconf 78' lang='lat' dir='ltr'><strong>praetenta</strong></span> <span class='ocrx_word' id='word_1_202' title='bbox 894 3735 1018 3804; x_wconf 87' lang='lat' dir='ltr'><strong>foribus</strong></span> <span class='ocrx_word' id='word_1_203' title='bbox 1036 3733 1108 3802; x_wconf 89' lang='lat' dir='ltr'><strong>vela</strong></span> 
     </span>
     <span class='ocr_line' id='line_1_29' title="bbox 71 3853 1189 3950; baseline -0.007 -24"><span class='ocrx_word' id='word_1_204' title='bbox 71 3883 105 3926; x_wconf 86' lang='lat' dir='ltr'><strong>se</strong></span> <span class='ocrx_word' id='word_1_205' title='bbox 129 3859 267 3929; x_wconf 86' lang='lat' dir='ltr'><strong>abdidit</strong></span> <span class='ocrx_word' id='word_1_206' title='bbox 287 3857 468 3928; x_wconf 90' lang='lat' dir='ltr'><strong>:latentem</strong></span> <span class='ocrx_word' id='word_1_207' title='bbox 494 3858 678 3928; x_wconf 90' lang='lat' dir='ltr'><strong>discurrens</strong></span> <span class='ocrx_word' id='word_1_208' title='bbox 698 3856 783 3925; x_wconf 90' lang='lat' dir='ltr'><strong>sorte</strong></span> <span class='ocrx_word' id='word_1_209' title='bbox 809 3855 976 3950; x_wconf 90' lang='lat' dir='ltr'><strong>gregarius</strong></span> <span class='ocrx_word' id='word_1_210' title='bbox 999 3853 1105 3937; x_wconf 88' lang='lat' dir='ltr'><strong>miles,</strong></span> <span class='ocrx_word' id='word_1_211' title='bbox 1185 3910 1189 3918; x_wconf 93' lang='lat'>.</span> 
     </span>
     <span class='ocr_line' id='line_1_30' title="bbox 69 3974 1107 4073; baseline -0.007 -27"><span class='ocrx_word' id='word_1_212' title='bbox 69 3979 315 4048; x_wconf 77' lang='lat' dir='ltr'><strong>animadversis</strong></span> <span class='ocrx_word' id='word_1_213' title='bbox 325 3978 476 4073; x_wconf 89' lang='lat' dir='ltr'><strong>pedibus,</strong></span> <span class='ocrx_word' id='word_1_214' title='bbox 488 4001 506 4046; x_wconf 88' lang='lat' dir='ltr'><strong>e</strong></span> <span class='ocrx_word' id='word_1_215' title='bbox 518 3977 627 4047; x_wconf 91' lang='lat' dir='ltr'><strong>studio</strong></span> <span class='ocrx_word' id='word_1_216' title='bbox 636 3975 834 4062; x_wconf 90' lang='lat' dir='ltr'><strong>sciscitandi,</strong></span> <span class='ocrx_word' id='word_1_217' title='bbox 848 3974 998 4067; x_wconf 91' lang='lat' dir='ltr'><strong>quisnam</strong></span> <span class='ocrx_word' id='word_1_218' title='bbox 1012 3987 1107 4056; x_wconf 88' lang='lat' dir='ltr'><strong>esset,</strong></span> 
     </span>
     <span class='ocr_line' id='line_1_31' title="bbox 69 4091 1104 4192; baseline -0.005 -28"><span class='ocrx_word' id='word_1_219' title='bbox 69 4100 236 4192; x_wconf 86' lang='lat' dir='ltr'><strong>agnovit,</strong></span> <span class='ocrx_word' id='word_1_220' title='bbox 250 4113 512 4191; x_wconf 86' lang='lat' dir='ltr'><strong>extractumque,</strong></span> <span class='ocrx_word' id='word_1_221' title='bbox 531 4111 565 4166; x_wconf 90' lang='lat' dir='ltr'><strong>et</strong></span> <span class='ocrx_word' id='word_1_222' title='bbox 582 4122 649 4190; x_wconf 83' lang='lat' dir='ltr'><strong>prae</strong></span> <span class='ocrx_word' id='word_1_223' title='bbox 669 4109 760 4165; x_wconf 89' lang='lat' dir='ltr'><strong>metu</strong></span> <span class='ocrx_word' id='word_1_224' title='bbox 773 4095 814 4163; x_wconf 92' lang='lat' dir='ltr'><strong>ad</strong></span> <span class='ocrx_word' id='word_1_225' title='bbox 825 4115 931 4188; x_wconf 89' lang='lat' dir='ltr'><strong>genua</strong></span> <span class='ocrx_word' id='word_1_226' title='bbox 945 4091 1008 4160; x_wconf 92' lang='lat' dir='ltr'><strong>sibi</strong></span> <span class='ocrx_word' id='word_1_227' title='bbox 1018 4093 1104 4160; x_wconf 88' lang='lat' dir='ltr'><strong>acci·</strong></span> 
     </span>
    </p>
   </div>
   <div class='ocr_carea' id='block_1_2' title="bbox 0 0 1562 5446">
    <p class='ocr_par' dir='ltr' id='par_1_4' title="bbox 0 0 1562 5446">
     <span class='ocr_line' id='line_1_32' title="bbox 0 0 1562 5446; baseline 0 1"><span class='ocrx_word' id='word_1_228' title='bbox 0 0 1562 5446; x_wconf 95' lang='lat' dir='ltr'><strong> </strong></span> 
     </span>
    </p>
   </div>
  </div>
 </body>
</html>
