3208 5430
550 516 588 571 ln
606 515 862 570 Dominarum.
1161 513 1216 574 3ιό

192 628 238 683 cui
254 627 421 684 rectissimus
442 647 538 686 sensus
554 628 689 684 videtur:
710 630 785 682 Num
803 637 834 681 tu
853 626 986 682 etiamad
1007 627 1216 687 matrimonium

192 737 237 774 me
251 720 388 790 hortaris,
402 731 433 776 ut
443 721 536 776 fratris
549 721 591 774 tui
605 720 734 792 exemplo
753 737 871 774 uxorem
890 718 958 774 mihi
972 719 1113 776 abduces?

230 812 351 866 Salvium
366 813 552 867 Cocceianum.
568 811 639 865 Vide
659 829 720 882 sup.
744 810 861 874 Ollium,
877 829 903 864 x.

149 937 154 948 ·
223 903 344 956 lanium
366 903 516 957 Rusticum.
538 905 599 956 Imo
616 920 622 954 :
642 903 673 955 L.
692 901 807 956 Juniurn
828 902 981 956 Aruleuum
1001 902 1155 958 Rusticum.
1171 905 1214 960 Cf.

191 993 267 1046 Lres.
283 993 318 1047 ad
335 995 422 1049 Tacit.
429 1035 437 1063 ,
454 996 548 1068 Agrlc.
558 1033 567 1060 ‚
587 1012 603 1048 a
620 1003 648 1047 et
666 990 710 1059 45.

229 1083 424 1158 Philosophus.
436 1085 581 1154 philostr„
596 1086 727 1158 Apollon.
744 1085 812 1149 Via,
830 1101 923 1152 vrr,2
941 1095 1092 1162 :otiosioris
1110 1090 1140 1145 di
1152 1095 1212 1147 aire

189 1202 213 1232 τι
231 1183 344 1246 inaniri,
353 1177 556 1244 demoratione
569 1188 596 1235 τὸ
606 1191 703 1252 σχῆμα,
713 1184 733 1234 oi
748 1185 790 1252 μὶν
805 1179 942 1253 oinodpoisar
953 1192 1016 1252 σφῶν
1030 1187 1051 1244 ἐς
1064 1187 1106 1240 τὴν
1115 1191 1212 1238 niteas

190 1274 301 1341 ianipav'
316 1277 336 1325 oi
346 1271 375 1326 di
395 1278 417 1334 ie
429 1276 461 1326 τὰ
480 1277 558 1344 ipnpa.
572 1272 660 1332 Λιΰὺης
677 1293 703 1325 τι
717 1275 759 1325 καὶ
772 1275 882 1333 lautia(
896 1275 951 1326 lutor
963 1270 987 1325 δ’
1002 1277 1023 1333 ie
1035 1277 1116 1343 λόγους
1130 1277 1202 1327 inser

189 1369 273 1430 atain
286 1364 427 1434 iupssoitoue
443 1375 489 1418 τῶν
510 1368 702 1436 ἁμαρτημάτων.
717 1347 758 1412 Cf.
775 1362 890 1426 Tuom,
911 1359 1021 1431 Agris„
1038 1377 1063 1412 a.

229 1449 355 1502 Flavium
367 1451 508 1505 Sabinam.
526 1450 627 1504 Filium
641 1449 727 1504 Flavii
741 1447 855 1516 Sabini,
874 1449 967 1504 fratris
986 1451 1153 1522 Vespasiani.
1170 1487 1172 1490 -

229 1539 323 1593 Ciuilis
336 1541 408 1596 belli.
424 1541 469 1596 Ab
483 1541 608 1596 Antonio
626 1540 704 1595 moti.
724 1540 797 1594 Vide
812 1559 853 1594 vr.

230 1631 376 1685 Tribunum
391 1634 568 1686 laticlaviam.
582 1633 625 1687 De
640 1631 760 1684 tribunis
772 1630 917 1686 laticlaviis
934 1631 1000 1686 vide
1018 1632 1136 1696 otton,
1155 1654 1182 1688 x.

227 1723 396 1794 Impudicos.
416 1724 592 1796 impudicum
607 1743 635 1777 se
652 1722 785 1795 probavit
802 1723 891 1776 Jaa'as
907 1723 1062 1791 Calliam,-
1077 1737 1103 1778 et
1122 1725 1159 1780 ita
1173 1726 1209 1780 li-

186 1813 300 1867 beratus
312 1824 366 1884 est,
384 1824 455 1870 auct.
472 1815 595 1887 Xiphil.‚
611 1833 711 1883 nxvrr,
728 1833 756 1886 p.
773 1813 838 1883 764.

227 1905 290 1957 Cae.
309 1905 358 1958 xl.
376 1908 502 1959 Aetatem
525 1907 756 1962 armamenti.
778 1923 801 1959 e.
824 1903 968 1979 exigendis
986 1906 1113 1976 pecuniis
1135 1918 1162 1962 et
1181 1907 1208 1962 in

185 1993 322 2048 rationem
338 1996 491 2051 referendis
506 1994 694 2068 prepositum.

224 2087 269 2139 De
281 2106 369 2140 coena.
385 2090 478 2142 Partes
493 2087 528 2142 de
543 2105 622 2141 coena
641 2087 735 2141 aruicis
751 2087 898 2140 mittebant
915 2097 1032 2141 veteres.

228 2176 416 2232 Consularem.
432 2179 536 2232 Consul
550 2177 603 2232 iuit
617 2183 650 2232 A.
666 2180 700 2232 U.
716 2176 770 2246 847
791 2195 855 2231 cum
869 2179 899 2230 L.
916 2177 1030 2232 Nunnio
1045 2180 1206 2250 Asprenate.

187 2265 228 2320 Cf.
250 2268 367 2337 Tiora,
385 2270 470 2336 Hist,
485 2289 525 2338 ιν,
544 2267 589 2323 68.

226 2361 363 2414 Geslanti.
379 2363 434 2415 Pro
446 2373 575 2434 gestato,
595 2360 621 2413 h.
638 2379 678 2427 e,
693 2359 722 2412 in
740 2357 912 2412 eademselia
928 2360 1081 2430 gestatoria
1095 2360 1149 2414 iter
1161 2361 1206 2414 la-

184 2449 278 2503 cienti.

226 2542 305 2594 More
319 2541 463 2610 majorum.
480 2544 523 2596 De
543 2560 600 2614 quo
621 2539 685 2594 vide
702 2540 818 2604 Neron,
837 2555 913 2591 xurx.

223 2633 287 2686 Cae.
302 2633 368 2686 x11.
385 2633 542 2702 Adiecerat.
557 2632 628 2686 Vide
644 2649 684 2685 rx.

225 2723 367 2777 oneribus.
383 2725 418 2778 Η.
434 2745 456 2778 e.
472 2722 666 2796 comparandis
682 2719 806 2794 pecuniis
815 2718 850 2773 ad
865 2718 991 2790 publicas
1005 2719 1141 2792 impensas
1155 2742 1206 2777 ne-

183 2815 315 2870 cessariis.

222 2906 356 2961 Jarlaicus
369 2907 466 2978 fiscus.
482 2909 516 2961 H.
540 2927 562 2960 e.
582 2907 718 2960 tributum
737 2903 855 2957 duarum
877 2901 1071 2955 drachmarum
1089 2903 1204 2974 singuiis

179 2995 280 3068 judaeis
299 2999 460 3072 impositum
475 3009 505 3053 ut
523 2999 628 3070 patrios
642 2995 713 3051 ritus
726 3003 884 3060 servarent,
900 3003 968 3046 teste
983 2993 1104 3065 xiphit„
1121 3013 1204 3063 rxvr,

182 3106 211 3160 p.
229 3090 292 3156 748.
310 3093 335 3144 A
349 3091 414 3144 Tito
433 3089 502 3144 illud
517 3090 699 3144 constitutum
714 3095 762 3142 est.
779 3087 908 3152 dosera,
924 3087 996 3138 Bell.
1011 3087 1090 3149 lad,
1107 3086 1203 3154 vrr,6.

221 3180 392 3253 Improsessi.
409 3181 474 3237 Sive
481 3181 600 3251 judaicae
614 3178 728 3253 originis
743 3187 846 3243 essent,
860 3176 917 3230 sive
931 3185 1087 3252 προσήλυτοι,
1104 3176 1152 3230 sed
1162 3187 1204 3230 ta-

184 3289 246 3322 men
261 3289 319 3324 non
335 3282 414 3325 erant
428 3272 545 3344 professi
562 3273 633 3325 hanc
648 3287 724 3324 suam
744 3277 854 3321 sectam.

225 3362 346 3434 Origine.
362 3361 495 3434 inteiligit
505 3363 544 3416 Cl.
561 3364 637 3415 Hase
651 3361 687 3415 de
703 3356 872 3424 christianis,
887 3373 959 3428 quos
973 3356 1026 3409 sub
1041 3355 1203 3410 Domitiano

181 3453 259 3526 gravi
277 3455 471 3526 persecutione
495 3464 609 3508 vexatos
622 3464 649 3507 et
670 3454 835 3524 pierumque
859 3465 922 3500 curn
938 3445 1037 3516 judaeis
1059 3446 1107 3500 illo
1131 3456 1203 3500 tem·
1242 3436 1247 3447 ’

181 3561 251 3614 pore
265 3545 396 3600 confusos
414 3555 529 3600 constat.

221 3635 337 3690 Canna.
354 3637 427 3690 Vide
446 3637 562 3708 Vespas.
571 3675 581 3700 ‚
598 3654 646 3690 ιιι.

222 3728 474 3794 Genenemsratris.
489 3731 596 3800 Nempe
610 3726 738 3782 Flavium
752 3725 895 3780 Sabinum.

221 3817 344 3871 Albatos.
361 3821 394 3872 Η.
411 3839 434 3873 e.
453 3818 524 3873 albis
538 3819 636 3874 tunicis
649 3818 773 3872 indutos.

219 3910 283 3962 Car.
298 3911 378 3965 Xlli.
394 3912 490 3984 Epuli.
505 3911 578 3964 Vide
594 3929 631 3964 ιν.

222 4002 236 4051 l
237 4001 379 4073 'epitolino
403 4005 560 4057 certamine.
576 4003 666 4057 lntcil.
688 4002 723 4056 de
743 4000 944 4074 quinquennali
961 4000 1110 4053 certamine
1136 3997 1201 4052 Jovi

183 4091 342 4166 Capitolino
356 4093 435 4166 quod
450 4113 465 4148 a
483 4094 643 4146 luminam
662 4092 752 4147 luerat
766 4092 933 4146 institutum.
947 4090 1020 4144 Vide
1035 4109 1073 4142 rr.
