3108 5434
402 491 456 546 136
806 495 835 548 C.
854 493 1029 552 suttouu

322 682 326 690 ,
447 619 554 686 XXX.
567 619 659 707 Quin
669 619 767 686 etiam
778 620 920 713 speciem
931 620 1091 689 libertatis
1100 621 1278 715 quamdam
1289 625 1436 714 induxit,

399 739 600 805 conservatis
615 739 742 806 senatui
757 763 796 806 ac
809 741 1053 834 magistratibus
1068 755 1102 810 et
1114 743 1284 836 majestate
1297 745 1437 838 pristina

399 869 432 924 et
449 871 610 949 potestate
631 881 639 924 ε
660 881 768 950 neque
784 872 851 926 tam
868 883 1007 954 parvum
1029 863 1225 955 quicquam,
1243 887 1352 956 neque
1368 878 1436 932 tam

397 999 556 1069 magnum
579 973 704 1071 publici
727 979 915 1072 privatique
931 980 1056 1075 negotii
1076 979 1155 1070 fuit,
1170 979 1211 1051 de
1227 1007 1294 1076 quo
1308 1009 1377 1053 non
1393 982 1437 1052 ad

397 1097 433 1164 P.
459 1097 498 1166 C.
519 1094 707 1166 referretur.
724 1101 777 1167 De
795 1097 1012 1194 vectigalibus
1029 1124 1069 1170 ac
1085 1100 1300 1197 monopoliis,
1317 1101 1358 1171 dc
1378 1127 1438 1170 ex·

397 1213 562 1286 struendis
587 1216 814 1288 reficiendisue
840 1219 1014 1313 operibus,
1038 1221 1138 1290 etiam
1158 1220 1200 1292 de
1218 1219 1359 1316 legendo
1382 1219 1435 1289 vel

397 1337 643 1406 exauctorando
662 1336 784 1426 milite,
804 1363 843 1407 ac
862 1337 1031 1434 legionum
1049 1355 1083 1410 et
1100 1339 1297 1410 auxiliorum
1312 1339 1436 1408 descri-

398 1458 528 1550 ptione;
553 1457 711 1552 denique,
739 1459 857 1550 quibus
882 1459 1057 1554 imperium
1081 1463 1270 1556 prorogari,
1295 1474 1352 1528 aut
1380 1459 1438 1528 ei-

399 1577 619 1647 traordinaria
638 1577 724 1646 bella
750 1577 917 1668 mandari,
939 1579 1020 1672 quid
1046 1595 1080 1648 et
1102 1605 1169 1674 qua
1189 1581 1295 1650 forma
1318 1605 1437 1675 regum

398 1695 512 1764 litteris
520 1698 655 1765 rescribi
675 1695 830 1790 placeret.
845 1698 1041 1768 Profectum
1056 1698 1136 1788 alae,
1153 1699 1194 1767 de
1210 1701 1243 1766 vi
1262 1713 1296 1768 et
1310 1699 1436 1792 rapinis

398 1841 510 1904 reum,
535 1841 668 1885 causam
691 1819 725 1886 in
750 1833 866 1886 senatu
890 1818 1001 1888 dicere
1025 1821 1143 1914 coegit.
1167 1822 1347 1912 Nunquam
1374 1843 1452 1916 cn·=

398 1939 483 2005 riam
493 1938 554 2004 nisi
566 1935 653 2005 solus
668 1938 822 2008 intravit:
834 1937 950 2009 lectica
962 1939 1131 2033 quondam
1144 1937 1317 2009 introlatus
1330 1963 1436 2034 aeger,

398 2059 535 2128 comites
555 2083 625 2126 ase
645 2061 796 2128 removit.

448 2181 573 2249 XXXI.
595 2177 755 2268 Quaedam
776 2179 932 2250 adversus
950 2182 1146 2251 sententiam
1167 2205 1260 2251 suam
1280 2179 1438 2270 decerni,

401 2325 443 2369 ne
460 2313 594 2393 questus
607 2298 740 2392 quidem
754 2315 812 2368 est.
827 2303 979 2397 Negante
998 2325 1057 2388 eo,
1074 2301 1253 2370 destinatos
1268 2303 1439 2396 magistra·

400 2437 453 2491 tus
470 2421 584 2490 abesse
601 2435 774 2514 oportere,
791 2436 828 2489 ut
843 2435 1019 2514 presentes
1034 2421 1154 2489 honori
1171 2421 1437 2514 acquiescerent,

400 2557 522 2635 praetor
542 2541 731 2635 designatus
757 2540 895 2608 liberam
920 2539 1118 2634 legationem
1145 2541 1343 2635 impetravit.
1368 2541 1438 2610 Ite-

401 2687 475 2730 rum
491 2675 661 2747 censente,
680 2674 717 2728 ut
732 2661 904 2728 Trebianis
919 2657 1061 2754 legatam
1078 2661 1113 2727 in
1130 2685 1212 2752 opus
1224 2660 1302 2727 novi
1314 2659 1438 2728 theatri

400 2782 576 2874 pecuniam
599 2779 641 2847 ad
665 2779 883 2847 munitionem
900 2779 960 2846 viae
980 2777 1157 2846 transferre
1178 2777 1440 2865 concederetur,

402 2899 553 2967 obtinere
570 2922 637 2966 non
655 2899 783 2990 potuit,
802 2898 883 2990 quin
902 2911 974 2965 rata
994 2895 1146 2966 voluntas
1166 2895 1320 2992 legatoris
1341 2911 1440 2966 esset.

403 3019 517 3106 Quum
540 3014 861 3086 senatusconsultum
886 3040 948 3110 per
970 3014 1201 3084 discessionem
1221 3014 1306 3083 forte
1324 3015 1440 3103 fieret,

405 3149 631 3204 transeuntem
650 3157 726 3203 eum
746 3137 779 3202 in
804 3133 942 3205 alteram
964 3149 1111 3229 partem,
1130 3136 1163 3204 in
1184 3159 1249 3228 qua
1265 3135 1443 3230 pauciores

405 3268 516 3344 erant,
536 3267 666 3323 secutus
679 3269 728 3323 est
743 3279 851 3324 nemo.
869 3259 988 3325 Cetera
1005 3279 1137 3348 quoque
1150 3255 1280 3324 nonnisi
1293 3279 1353 3348 per
1369 3279 1444 3322 ma-

406 3375 576 3470 gistratus,
595 3389 628 3442 et
644 3374 719 3468 jure
738 3373 906 3443 ordinario
928 3373 1127 3469 agebantur3
1151 3389 1242 3442 tanta
1266 3372 1443 3442 consulum

406 3496 623 3583 auctoritate,
643 3509 681 3563 ut
695 3493 795 3589 legati
815 3519 855 3563 ex
873 3495 986 3564 Africa
1003 3493 1145 3562 adierint
1161 3519 1234 3580 eos,
1248 3507 1444 3586 querentes,

406 3614 494 3682 trahi
516 3637 550 3681 se
572 3639 593 3682 a
613 3615 758 3702 Caesare,
777 3613 819 3682 ad
837 3639 936 3708 quem
956 3614 1045 3684 missi
1063 3613 1181 3682 forent.
1205 3613 1275 3682 Nec
1295 3613 1446 3699 mirum,

407 3757 510 3824 quum
531 3731 641 3825 palam
666 3747 767 3822 esset,
789 3734 895 3828 ipsum
912 3757 1044 3827 quoque
1058 3731 1181 3802 eisdem
1198 3745 1232 3800 et
1247 3754 1448 3824 assurgere,

291 3863 303 3874 ’
408 3863 442 3917 et
459 3849 619 3919 decedere
637 3854 701 3921 via.

458 3972 599 4038 XXXII.
618 3972 787 4064 Corripuit
805 3971 992 4040 consulares
1011 3971 1208 4040 exercitibus
1227 3971 1450 4065 prepositos,

412 4089 500 4180 quod
528 4114 594 4157 non
617 4090 776 4160 derebus
800 4094 896 4186 gestis
920 4094 1047 4160 senatui
1067 4092 1264 4178 scriberent,
1285 4091 1449 4185 quodque
