3108 5434
410 479 593 545 ocmvms
614 491 813 546 susumus.
1063 509 1116 565 ως

103 620 140 672 est
163 607 269 676 lilium
298 611 431 679 mortali
457 613 564 706 specie
589 613 800 706 ampliorem,
823 639 896 682 eum
926 613 1059 682 fulmine
1084 628 1116 679 et

102 737 240 818 seeptro,
264 730 456 822 exuviisque
481 734 569 800 Jovis
591 733 718 826 Optimi
745 734 898 818 Maximi,
921 756 959 800 ac
993 729 1117 799 redime

101 865 233 930 corona,
253 869 356 940 super
378 845 560 918 laureatum
582 873 735 936 currum,
753 851 803 918 bis
822 851 908 918 senis
929 850 1020 942 equis
1042 873 1116 917 can·

103 959 171 1028 dore
198 963 323 1032 eximio
352 967 567 1036 trahentibus.
596 966 707 1038 Infans
737 967 864 1054 adbuc,
894 983 932 1036 ut
959 969 1116 1061 scriptum

104 1079 180 1170 apud
201 1085 241 1150 C.
263 1085 410 1152 Drusum
431 1099 554 1170 exstat,
577 1086 737 1180 repositus
761 1109 895 1180 vespere
918 1087 952 1154 in
974 1109 1075 1153 eunus
1098 1107 1118 1150 a

106 1198 283 1286 nutricula,
312 1200 385 1272 loeo
412 1203 531 1297 plano,
559 1220 689 1300 postera
719 1205 792 1274 luco
816 1229 884 1274 non
913 1203 1117 1296 comparuit3

104 1315 217 1408 diuque
245 1321 419 1410 quaesitus,
448 1321 578 1392 tandem
608 1326 641 1391 in
671 1321 825 1392 altissima
854 1323 938 1392 turri
966 1333 1115 1414 repertus

103 1449 160 1518 et,
182 1437 299 1528 jacens
321 1453 435 1508 eontra
460 1439 536 1508 solis
563 1455 723 1510 exortum.
749 1443 862 1530 Quum
890 1440 1031 1532 primum
1056 1437 1116 1506 fari

103 1554 263 1645 erupisset,
284 1557 319 1624 in
342 1559 431 1625 avito
454 1559 643 1628 suburbano
664 1559 887 1652 obstrepentes
910 1556 994 1626 torte
1022 1579 1117 1624 ranas

104 1669 191 1740 silere
204 1674 324 1765 jussit3
341 1690 439 1768 atque
454 1701 494 1744 ex
508 1702 547 1746 eo
563 1692 726 1772 negantur
742 1678 787 1744 ibi
800 1701 890 1745 ranae
903 1698 1048 1744 coaxare.
1067 1673 1117 1743 nd

104 1805 253 1879 quartum
274 1789 415 1884 lapidem
437 1797 611 1888 Campanae
634 1795 712 1878 viae,
734 1796 769 1862 in
792 1817 924 1862 nemore
945 1791 1117 1886 prandenti

103 1931 134 1974 ex
151 1910 336 2002 improviso
350 1911 458 2002 aquila
471 1935 590 2006 panem
603 1915 632 1980 ei
647 1937 666 1980 e
682 1935 782 1980 manu
796 1913 906 2004 rapuit
925 1937 932 1978 :
949 1925 996 1997 et,
1014 1933 1116 2002 quum

104 2023 256 2096 altissime
270 2027 445 2116 evolasset,
461 2055 574 2098 rursus
589 2032 819 2126 exinproviso
837 2028 953 2124 leniter
968 2027 1116 2120 delapsa,

104 2143 249 2212 reddidit.
267 2147 311 2236 Q.
330 2145 466 2215 Catulus
482 2162 556 2242 post
572 2147 757 2216 dedicatum
774 2146 975 2241 Capitolium
991 2145 1117 2214 duabus

103 2262 264 2330 continuis
281 2264 433 2332 noctibus
450 2266 625 2333 somniavit
644 2291 652 2333 ε
675 2267 797 2358 prima,
815 2270 927 2333 Jovem
947 2265 1116 2356 Optimum

103 2379 281 2448 llaximum
298 2404 318 2448 e
334 2385 530 2474 praetextatis
551 2381 791 2476 compluribus,
810 2384 934 2450 circum
955 2405 1045 2449 mam
1068 2379 1118 2447 lu-

104 2493 269 2580 dentibus,
285 2523 388 2566 unum
404 2499 592 2585 secrevisse,
609 2515 707 2592 atque
723 2503 757 2568 in
773 2500 843 2592 ejus
859 2499 1115 2592 sinum'signum

104 2615 304 2709 reipublicae,
332 2617 421 2710 quod
442 2643 543 2686 manu
565 2633 720 2711 gestaret,
747 2619 938 2712 reposuisse.
966 2620 1009 2685 At
1036 2619 1118 2682 inse·

104 2735 232 2822 quenti,
258 2735 527 2804 animadvertisse
555 2759 589 2804 se
616 2737 650 2803 in
678 2737 801 2829 gremio
827 2732 1004 2826 Capitolini
1029 2733 1118 2800 lovis

104 2853 249 2921 eumdem
272 2877 431 2944 puerum;
450 2877 547 2946 quem
561 2879 660 2946 quum
676 2853 803 2922 detrahi
821 2853 985 2944 jussisset,
1006 2849 1120 2944 probi·

104 2965 205 3038 bitum
227 2971 360 3039 monitu
380 2972 461 3057 Dei,
488 2985 643 3062 tanquam
665 2972 692 3038 is
714 2969 755 3038 ad
777 2967 910 3038 tutelam
933 2966 1117 3060 reipublicae

104 3086 306 3157 adunaretur.
331 3091 378 3157 Ac
401 3089 454 3156 die
477 3089 646 3181 proximo,
666 3088 800 3156 obvium
826 3086 887 3154 sibi
912 3089 1120 3178 Augustum,

104 3229 202 3296 quum
226 3206 434 3298 incognitum
458 3203 536 3274 alias
557 3205 708 3286 haberet,
729 3228 796 3272 non
816 3205 886 3270 sine
905 3201 1118 3270 admiratione

103 3325 290 3408 contuitus,
311 3321 512 3391 simillimum
529 3322 611 3390 dixit
633 3347 753 3416 puero,
770 3321 811 3388 de
830 3343 897 3412 quo
917 3320 1117 3387 somniasset.

103 3440 248 3526 Quidam
275 3441 366 3534 prius
389 3441 551 3508 somnium
574 3438 683 3508 Catuli
703 3438 798 3508 aliter
819 3455 1006 3531 exponunt,
1027 3438 1118 3528 quasi

102 3561 230 3652 Jupiter
249 3557 474 3650 compluribus
493 3558 708 3652 pretextatis,
727 3569 869 3624 tutorem
891 3579 910 3622 a
933 3579 967 3622 se
986 3577 1119 3647 poscen-

104 3676 204 3760 tibus,
221 3699 328 3744 unum
345 3699 384 3742 ex
399 3677 445 3742 eis
462 3674 729 3758 demonstrasset,
744 3672 785 3740 ad
801 3697 898 3764 quem
912 3672 1021 3739 omnia
1039 3669 1119 3738 desi·

100 3793 192 3862 deria
213 3817 275 3863 sua
295 3791 470 3876 referrent,
490 3793 624 3885 ejusque
645 3789 791 3859 osculum
813 3789 988 3858 delibatum
1009 3787 1118 3879 digitis

100 3912 140 3980 ad
157 3935 310 3980 ossuum
327 3908 499 3978 retulisset.
520 3913 567 3977 Μ.
586 3910 717 3994 Cicero,
736 3911 773 3976 C.
791 3911 949 3976 Caesarem
968 3908 1001 3972 in
1019 3905 1117 3995 Capi·

101 4027 219 4097 lolium
243 4043 453 4121 prosecutus,
477 4029 641 4095 somnium
663 4027 806 4119 pristinas
828 4025 930 4091 noetis
954 4019 1129 4089 familiari·¹
