3114 5446
375 563 405 617 C.
426 562 601 620 stffimutt
622 565 818 622 CALIGULA.
1060 579 1112 634 aaa

94 713 203 784 agrum
232 691 471 757 Germanicum
500 691 700 783 gravissimis
731 691 905 762 verborum
934 721 973 765 ac
1001 725 1110 770 rorum

93 807 337 894 acerbitatibus,
364 805 457 876 nullo
484 807 634 878 adhibito
663 810 785 897 modo,
813 813 921 883 effecit
943 841 952 884 a
976 833 1112 914 propter

92 953 170 1022 quae,
194 943 232 998 ut
257 933 397 997 Romam
422 927 540 1016 rediit,
564 952 656 1021 paene
677 929 860 1026 discerptus
882 959 900 1002 a
923 938 1069 1030 populo,
1092 963 1112 1014 a

94 1063 195 1120 senatu
216 1047 333 1142 cepitis
353 1046 528 1115 damnatus
547 1062 605 1115 est.

127 1169 186 1236 lll.
207 1171 333 1236 Omnes
346 1167 547 1235 Germanico
562 1169 711 1261 corporis
726 1171 893 1266 animique
907 1175 1064 1262 virtutes,
1079 1193 1111 1248 et

94 1302 222 1380 quantas
240 1285 364 1354 nemini
379 1287 552 1378 cuiquam,
568 1289 762 1381 contigisse,
777 1293 854 1359 satis
873 1309 1001 1364 constat
1017 1323 1025 1364 :
1046 1297 1111 1366 for·

94 1431 167 1474 mam
195 1422 231 1475 et
256 1404 482 1474 fortitudinem
506 1407 691 1500 egregiam,
719 1410 887 1503 ingenium
912 1415 947 1481 in
970 1429 1110 1510 utroque
1166 1408 1168 1418 ¹

92 1523 274 1620 eloquentiae
296 1523 519 1616 doctrinaque
543 1549 663 1619 genere
683 1527 890 1619 praecellens,
913 1532 1108 1604 benevolen-

94 1649 157 1714 tiam
178 1644 404 1739 singularem,
421 1641 699 1738 conciliandaeque
723 1647 895 1717 hominum
920 1655 1049 1744 gratiae,
1071 1677 1109 1722 nc

93 1764 292 1859 promerendi
316 1765 437 1832 amoris
461 1763 582 1832 mirum
607 1780 639 1832 et
663 1765 780 1835 efficax
803 1767 957 1838 studium.
984 1777 1109 1842 Formae

92 1886 187 1953 minus
203 1882 419 1977 ‚congruebat
450 1882 615 1977 gracilitas
642 1909 800 1974 crurum,
829 1889 887 1956 sed
912 1913 948 1957 ea
974 1915 1107 1984 quoque

91 2002 242 2097 paulatim
261 2001 406 2095 repleta,
425 2001 555 2070 assidua
580 2003 657 2096 equi
683 2007 865 2074 vectatione
887 2023 962 2100 post
984 2011 1106 2077 cibum.

90 2126 213 2192 Hostem
241 2124 392 2191 cominus
420 2145 503 2214 saepe
527 2123 697 2216 percussit.
726 2125 843 2193 Oravit
870 2151 983 2195 causas
1008 2129 1106 2196 etiam

90 2216 309 2336 uiumphalis3
328 2254 427 2332 atque
448 2242 536 2308 inter
557 2255 666 2309 cetera
688 2241 875 2311 studiorum
895 2261 1107 2315 monumenta

90 2359 210 2453 reliquit
226 2374 261 2428 et
271 2359 445 2427 comoedias
460 2383 592 2452 graecas.
603 2359 703 2428 Domi
714 2359 859 2453 forisque
870 2362 992 2432 civilis:
1004 2363 1107 2434 libera

88 2502 120 2545 ac
137 2477 293 2547 fmderata
311 2477 434 2571 oppida
452 2479 523 2546 siue
543 2475 714 2546 lictoribus
730 2479 850 2547 adibat.
867 2482 979 2550 Sicubi
997 2483 1105 2551 claro·

88 2620 153 2665 mm
180 2599 330 2666 virorum
356 2595 505 2690 sepulcra
536 2611 768 2689 cognosceret,
794 2599 925 2667 inferias
954 2603 1105 2669 menibus

88 2715 185 2786 dabat.
206 2721 376 2788 Cmeorum
397 2715 490 2784 clade
505 2716 651 2785 Variana
670 2731 795 2784 veteres
814 2741 852 2784 ac
870 2717 1030 2810 dispersas
1051 2743 1104 2787 re·

87 2831 194 2928 liquias
213 2861 283 2906 uno
302 2834 433 2904 tumulo
452 2834 667 2920 humaturus,
686 2830 841 2927 colligere
857 2860 916 2904 sua
936 2861 1054 2924 manu,
1072 2853 1105 2905 et

86 2971 287 3050 comportare
298 2955 424 3049 primus
435 2976 605 3046 aggressus
616 2966 676 3020 est.
689 2953 976 3022 obtrectatoribus
989 2957 1104 3040 etiam,

85 3073 323 3166 qualescunque
347 3086 379 3140 et
402 3086 657 3163 quantacunque
679 3069 721 3138 de
743 3095 840 3139 causa
863 3087 977 3141 nactus
1001 3089 1105 3160 esset,

84 3189 160 3261 leuis
180 3193 264 3261 adeo
288 3206 320 3259 et
341 3191 515 3277 innoxius,
537 3203 574 3258 ut
593 3189 725 3274 Pisoni,
748 3189 877 3259 decreta
897 3215 955 3259 sua
980 3193 1103 3260 rescin-

83 3309 187 3400 denti,
203 3307 371 3381 clientelas
388 3309 569 3392 divexanti,
585 3333 651 3376 non
669 3309 760 3402 prius
776 3334 966 3379 succensere
981 3312 1015 3378 in
1032 3313 1104 3380 ani·-

82 3455 170 3500 mutn
185 3430 371 3513 induxerit,
385 3453 485 3522 quam
502 3427 663 3497 veneficiis
677 3451 808 3521 quoque
827 3441 859 3496 et
874 3427 1103 3498 devotionibus

82 3549 269 3646 impugnari
294 3573 331 3618 se
356 3548 598 3642 comperisset:
621 3571 660 3616 ac
685 3570 728 3616 ne
750 3561 831 3615 tunc
860 3547 992 3639 quidem
1016 3545 1103 3614 ultra

80 3693 291 3764 progressus,
316 3691 417 3760 quam
445 3681 484 3736 ut
506 3681 540 3736 et
561 3667 739 3736 amicitiam
759 3665 789 3733 ei
819 3689 911 3733 more
942 3664 1104 3756 majorum

77 3790 310 3875 renunciaret,
326 3785 561 3880 mandaretque
577 3785 762 3854 domesticis
777 3783 957 3872 ultionem,
977 3781 1103 3874 siquod

77 3905 138 3974 sibi
158 3905 334 3978 accideret.

120 4029 189 4096 tv.
218 4029 371 4115 Quarum
389 4027 549 4095 virtutum
569 4025 711 4094 fructum
730 4025 934 4094 uberrimum
951 4018 1042 4104 tulit,
1060 4020 1106 4088 sic

76 4145 244 4236 probettu
261 4159 294 4214 et
312 4143 452 4216 dilectus
471 4169 489 4214 a
508 4147 594 4233 suis,
616 4159 653 4213 ut
672 4149 841 4235 Augustus
861 4143 998 4234 (omitto
1017 4141 1106 4208 enim

913 4287 923 4328 t
936 4285 962 4328 r.
