3108 5434
419 479 454 538 ot
822 473 851 526 C.
873 472 1047 530 suerortu

467 597 538 662 LII.
558 589 712 688 Templa,
731 597 880 686 quamvis
897 597 994 664 sciret
1014 595 1111 662 etiam
1133 589 1388 686 proconsulibus
1402 590 1455 658 de·

420 713 512 782 cerni
539 711 658 800 solere,
686 715 720 780 iu
747 711 838 782 nulla
860 729 971 787 tamen
997 713 1180 807 provincia,
1199 710 1262 778 nisi
1285 711 1455 778 communi

422 857 482 902 suo
506 835 685 926 Romoeque
709 835 860 920 nomine,
882 835 1015 928 recepit.
1041 835 1128 904 Nem
1152 833 1186 900 in
1208 831 1301 900 Urbe
1322 831 1456 924 quidem

422 954 680 1046 pertinacissime
694 955 854 1023 abstinuit
869 954 934 1022 boc
949 954 1086 1023 honore.
1101 955 1210 1044 Atque
1227 951 1325 1020 etiarn
1341 975 1458 1044 argen-

423 1087 492 1141 teas
510 1088 649 1158 statuas,
668 1072 747 1142 olim
765 1074 826 1140 sibi
845 1075 984 1167 positas,
1004 1071 1159 1142 conllavit
1176 1095 1307 1158 omues,
1325 1095 1364 1138 ex
1382 1068 1458 1161 quis

424 1216 538 1260 aureas
558 1194 702 1262 cortinas
720 1193 865 1286 Apollini
885 1191 1035 1262 Palatino
1054 1191 1225 1260 dedicavit.
1248 1191 1459 1260 Dictaturam

426 1335 545 1405 magna
564 1312 597 1378 vi
617 1311 775 1382 offerente
794 1311 936 1406 populo,
954 1336 1041 1407 genu
1061 1313 1173 1398 nixus,
1193 1310 1317 1403 dejecta
1334 1307 1460 1377 abhu-

427 1431 526 1498 meris
547 1445 638 1524 toga,
658 1431 747 1500 nudo
769 1446 899 1525 pectore
916 1431 1109 1524 deprecatus
1125 1444 1183 1498 est.

476 1553 565 1618 LIII.
593 1553 728 1620 Domini
749 1549 1021 1646 appellationem,
1047 1566 1084 1619 ut
1108 1549 1320 1620 maledictum
1343 1563 1378 1618 et
1402 1563 1464 1642 op·

429 1670 617 1762 probrium,
632 1693 758 1763 semper
770 1670 951 1740 exhorruit.
966 1671 1097 1758 Quum,
1112 1683 1280 1762 spectante
1293 1692 1333 1736 eo
1347 1665 1464 1753 ludos,

430 1789 684 1882 pronunciatum
708 1802 792 1858 esset
812 1813 832 1857 a
851 1789 972 1874 mimo,
993 1791 1051 1858 «Ο
1071 1789 1253 1858 Dominum
1275 1811 1409 1880 aequum
1431 1801 1468 1855 et

430 1901 596 1974 bonumln
613 1921 646 1974 et
664 1908 823 1994 universi,
842 1908 935 1999 quasi
952 1907 993 1974 de
1010 1908 1081 2000 ipso
1101 1907 1242 1987 dictum,
1261 1904 1469 1974 exsultantes

432 2026 715 2118 comprobassent3
732 2041 765 2093 et
781 2028 891 2094 statim
907 2051 1006 2094 manu
1023 2025 1184 2119 vultuque
1201 2023 1370 2094 indecoras
1386 2024 1472 2092 adu-

434 2145 571 2213 lationes
587 2147 758 2238 repressit,
774 2159 807 2213 et
825 2146 1009 2239 insequenti
1026 2145 1078 2214 die
1096 2146 1288 2240 gravissimo
1305 2144 1473 2237 corripuit

435 2263 560 2349 edicto,
579 2263 817 2356 dominumque
838 2289 872 2334 se
894 2265 1029 2358 posthac
1050 2262 1226 2359 appellari,
1247 2289 1289 2332 ne
1312 2288 1332 2331 a
1356 2261 1475 2332 liberis

437 2383 570 2476 quidem
595 2395 653 2450 aut
675 2383 851 2476 nepotibus
874 2384 959 2472 suis,
984 2383 1035 2452 vel
1057 2385 1142 2452 serio
1166 2382 1218 2452 vel
1236 2383 1333 2475 joco,
1354 2407 1476 2476 passus

438 2517 487 2570 est
503 2527 513 2570 s
530 2517 629 2595 atque
643 2501 832 2596 hujusmodi
850 2501 1025 2572 blanditias
1042 2503 1141 2571 etiam
1158 2503 1243 2570 inter
1257 2502 1345 2595 ipsos
1360 2501 1480 2594 prohi-

439 2623 521 2693 buit.
538 2624 613 2692 Non
631 2638 754 2691 temore
767 2622 858 2692 Urbe
871 2622 1035 2717 oppidove
1051 2620 1120 2691 ullo
1137 2645 1301 2716 egressus,
1318 2633 1376 2688 eut
1390 2607 1482 2712 quoss

439 2767 539 2834 quam
562 2744 727 2836 ingressus
749 2758 818 2831 est,
838 2743 901 2811 nisi
924 2767 1061 2836 vespera
1084 2757 1142 2810 aut
1163 2753 1285 2829 noctu,
1310 2765 1483 2833 nequem

441 2861 539 2928 officii
556 2885 654 2930 causa
670 2863 876 2955 inquietaret.
891 2863 930 2930 In
944 2859 1116 2930 consulatu
1130 2860 1269 2954 pedibus
1285 2859 1368 2946 fere,
1382 2875 1486 2928 extra

442 2977 649 3047 consulatum
669 3005 753 3072 saepe
773 2981 929 3073 adaperta
949 2978 1041 3064 sella,
1062 3004 1121 3074 per
1140 2979 1310 3073 publicum
1330 2981 1486 3048 incessit.
1536 3027 1540 3034 -

443 3099 643 3166 Promiscuis
668 3097 920 3168 salutationibus
945 3099 1138 3169 admittebat
1159 3113 1192 3168 et
1214 3097 1364 3192 plebem,
1384 3112 1491 3168 tanta

444 3218 598 3286 comitate
618 3217 810 3288 adeuntium
837 3219 997 3288 desideria
1023 3220 1207 3312 excipiens,
1233 3235 1271 3286 ut
1298 3217 1493 3310 quemdam

443 3337 518 3428 joco
534 3339 750 3432 corripuerit,
767 3338 857 3432 quod
871 3339 1015 3407 «sicsibi
1031 3336 1179 3406 libellum
1195 3337 1365 3433 porrigere
1381 3335 1497 3408 dubi-

447 3469 549 3546 taret,
571 3459 665 3550 quasi
688 3456 863 3550 elephanto
888 3459 1043 3551 stipem.»
1063 3458 1127 3526 Die
1151 3472 1283 3526 mustus
1307 3479 1499 3550 nunquam

448 3589 557 3668 patres
578 3575 641 3645 uisi
664 3577 698 3644 in
721 3576 814 3644 curia
836 3574 1009 3663 salutavit,
1034 3590 1068 3644 et
1089 3576 1221 3669 quidem
1246 3574 1422 3663 sedentes,
1454 3603 1502 3646 ae

450 3694 644 3763 nominatim
663 3691 828 3788 singulos,
855 3691 947 3762 nullo
973 3710 1203 3764 summonente
1226 3720 1234 3762 :
1258 3709 1291 3764 et
1312 3694 1503 3768 discedens

450 3811 566 3880 eodem
595 3813 695 3882 modo
724 3812 912 3880 sedentibus
943 3810 1051 3880 valere
1083 3813 1222 3882 dicebat.
1244 3813 1374 3884 'Officia
1409 3840 1506 3886 cum

453 3929 564 4000 multis
583 3946 701 3998 mutuo
713 3931 873 4010 exercuit;
885 3953 944 3998 nec
963 3931 1054 4022 prius
1067 3929 1135 3999 dies
1149 3932 1308 4026 cujusque
1320 3930 1509 4007 solemnes

453 4049 658 4142 frequentare
677 4049 786 4133 desiit,
802 4073 900 4141 quam
917 4051 1074 4142 grandior
1086 4053 1154 4144 jam
1172 4066 1268 4136 natu,
1284 4067 1316 4118 et
1334 4053 1367 4118 in
1388 4059 1512 4130 turha
