3138 5438
472 471 501 522 c.
523 467 655 526 sumus
675 470 810 528 cusan
1125 481 1158 538 15
1258 455 1264 468 ’

123 614 252 678 lorum,
273 608 332 661 aut
357 592 505 688 prodigae
528 595 731 685 juventutis,
752 598 934 668 subsidium
963 605 1096 674 unicum
1121 633 1159 678 ac

123 716 407 810 promptissimum
428 729 498 782 erat
517 739 524 780 ε
543 715 605 782 nisi
628 739 711 808 quos
732 719 865 809 gravior
886 723 1083 812 criminum,
1106 728 1156 796 vel

123 841 242 934 inopiae
267 837 449 906 luxuriaeue
471 837 519 902 vis
541 851 693 946 urgeret,
714 862 814 930 quam
839 855 876 908 ut
895 843 1062 913 subveniri
1083 871 1158 940 pos-

2 1009 3 1018 ,
123 973 167 1028 set
188 985 209 1028 a
232 983 267 1026 se
286 985 294 1025 :
313 957 365 1024 his
385 955 484 1050 plane
502 953 609 1050 palam
627 956 707 1026 bello
724 959 814 1028 civili
828 985 913 1056 opus
929 987 1001 1033 csse
1019 966 1155 1036 dicebat.

166 1081 328 1148 XXVIII.
356 1077 428 1146 Nec
450 1077 579 1144 minore
601 1075 712 1146 studio
734 1103 827 1173 reges
849 1095 949 1174 atque
972 1087 1158 1178 provincias

121 1227 178 1294 per
200 1215 367 1268 terrarum
388 1198 501 1266 orbem
522 1195 685 1268 alliciebat
707 1223 714 1265 :
736 1199 808 1266 aliis
829 1203 1036 1294 captivorum
1055 1207 1159 1276 millia

2 1369 3 1394 2
120 1323 209 1390 dono
230 1319 396 1403 offerens3
414 1317 486 1385 aliis
511 1319 594 1386 citra
618 1332 751 1386 senatus
775 1320 957 1415 populique
978 1330 1158 1396 auctorita·

121 1457 206 1529 tem,
234 1465 304 1533 quo
327 1437 470 1524 vellent,
497 1452 529 1506 et
556 1439 684 1530 quoties
707 1438 847 1522 vellent,
872 1441 993 1511 auxilia
1019 1448 1157 1516 submit-

2 1619 3 1628 ,
121 1579 192 1631 tens
214 1586 223 1628 ι
248 1583 414 1652 superque
434 1556 554 1644 Italiae,
574 1555 827 1650 Galliarumque
847 1574 880 1630 et
901 1563 1156 1655 Hispaniarum,

120 1683 202 1752 Asiae
229 1701 366 1772 quoqne
388 1692 420 1745 et
441 1678 577 1746 Graeciae
599 1677 842 1770 potentissimas
864 1680 962 1748 urbes
982 1685 1156 1778 praecipuis

1 1891 2 1898 ἵ
118 1801 275 1896 operibus
297 1821 461 1866 exornans
484 1822 492 1864 :
519 1795 641 1881 donec,
665 1795 813 1864 attonitis
834 1797 903 1890 jam
927 1803 1101 1890 omnibus,
1123 1819 1157 1874 ct

1 1995 2 2020 ,
118 1945 281 2014 quorsum
300 1915 356 1986 illa
375 1916 548 1986 tenderent
562 1915 808 2006 reputantibus,
824 1919 871 1986 M.
891 1916 1049 1989 Claudius
1066 1925 1157 1992 Mer·

1 2119 2 2128 ¹
118 2039 220 2110 cellos
244 2035 362 2108 consul
383 2034 491 2104 edicto
514 2034 688 2128 praefatus,
710 2033 751 2101 de
773 2057 901 2104 summu
927 2061 961 2108 se
987 2041 1156 2133 republica

118 2177 296 2278 acturum,
319 2155 435 2226 retulit
455 2153 497 2223 ad
518 2167 686 2243 senatum,
711 2165 749 2222 ut
774 2154 804 2223 ei
825 2157 1054 2226 succederetur
1077 2175 1155 2230 ante

118 2297 275 2376 tempus3
298 2277 457 2372 quoniam
478 2272 565 2343 bello
587 2273 736 2343 confecto
760 2299 824 2368 pax
845 2291 949 2364 esset,
971 2301 1010 2346 ac
1032 2277 1155 2348 dimitti

117 2401 255 2470 deberet
277 2401 386 2466 victor
411 2395 602 2464 exercitus:
625 2411 658 2462 et
677 2419 718 2461 ne
742 2396 885 2464 absentis
910 2399 994 2466 ratio
1014 2401 1155 2468 comitiis

117 2521 312 2604 baberetur,
331 2515 465 2611 quando
482 2540 542 2584 nec
554 2512 725 2608 plebiscito
735 2515 910 2608 Pompeius
928 2531 1039 2610 postea
1057 2519 1157 2588 obro-

117 2653 235 2733 gasset.
255 2635 433 2708 Acciderat
453 2650 583 2720 autem,
604 2647 642 2700 ut
662 2633 689 2701 is
710 2630 815 2727 legem
837 2634 967 2728 dejure
984 2639 1155 2731 magistra-

1 2761 2 2836 ἶ
119 2775 212 2828 tuum
238 2757 369 2841 serens,
387 2779 426 2824 eo
448 2754 575 2848 capite,
595 2777 662 2848 quo
683 2777 703 2820 a
722 2754 881 2846 petitione
907 2754 1071 2824 honorum
1097 2759 1154 2826 ab·

116 2893 228 2948 sentes
246 2874 485 2960 submovebat,
505 2899 547 2942 nc
565 2875 727 2942 Caesarem
745 2872 879 2966 quidem
894 2871 1075 2966 exciperet,
1095 2900 1155 2969 per

116 2999 344 3082 oblivionem;
364 3019 402 3064 ac
421 3021 519 3082 mox,
539 2993 610 3089 lege
626 2995 695 3086 jam
714 2995 748 3062 in
766 3019 808 3062 aes
828 2995 948 3083 incisa,
968 2996 1054 3064 etin
1072 3019 1154 3065 ara·

116 3122 203 3188 rium
225 3117 382 3202 condita,
403 3117 583 3210 corrigeret
602 3137 760 3182 errorem.
779 3117 852 3184 Nec
871 3127 1046 3184 contentus
1062 3117 1154 3186 Mar·

116 3239 218 3309 cobus
241 3237 431 3333 provincias
450 3233 572 3304 Caesari
594 3249 627 3303 ct
648 3232 857 3329 privilegium
877 3237 1020 3330 eripere,
1041 3235 1154 3304 retulit

116 3362 233 3448 etiam,
249 3373 290 3426 ut
304 3355 444 3443 colonis,
458 3379 541 3449 quos
554 3355 726 3450 rogatione
739 3355 873 3423 Vatinia
886 3341 1153 3424 Novirmcomum

116 3479 323 3562 deduxisset,
341 3478 457 3547 civitas
473 3475 689 3560 adimeretur,
706 3473 797 3567 quod
814 3495 874 3567 per
890 3473 1104 3541 ambitionem
1121 3487 1154 3540 et

117 3601 203 3672 ultra
221 3597 458 3697 praecriptum
475 3595 551 3666 data
567 3609 661 3666 essct.

165 3727 292 3794 xxlx.
319 3723 517 3790 Commotus
530 3717 581 3786 bis
595 3719 717 3802 Caesar,
733 3737 771 3783 ac
783 3713 951 3808 judicans,
964 3711 1052 3807 quod
1067 3735 1151 3804 saepe

116 3869 156 3911 ex
179 3870 217 3912 co
237 3843 391 3913 auditum
415 3839 542 3926 serunt,
563 3834 729 3905 difficilius
751 3859 785 3903 se
807 3833 989 3928 principem
1010 3831 1153 3900 civitatis

115 3989 134 4032 a
151 3967 260 4058 primo
271 3962 393 4033 ordine
410 3964 445 4028 in
462 3957 659 4045 secundum,
674 3979 772 4049 quam
787 3980 826 4023 ex
840 3950 983 4022 secundo
995 3952 1027 4017 in
1044 3951 1153 4018 novis·

116 4085 238 4152 simum
259 4081 416 4167 detrudi,
438 4055 570 4147 summav
585 4101 648 4169 ope
670 4075 811 4162 restitit,
834 4073 954 4166 partim
977 4093 1035 4162 per
1055 4071 1153 4136 inter-
