3098 5446
451 547 507 614 abt
852 543 882 598 C.
903 541 1078 600 sumtu

450 693 564 762 veum
592 692 658 736 non
686 667 896 736 abhorrentia
923 691 942 736 a
969 691 1027 736 sua
1052 679 1184 747 natura,
1209 663 1353 735 creditur
1369 665 1452 736 desti·

449 813 564 858 nasse:
581 809 782 858 successores
800 809 1075 880 percussoresque
1091 784 1293 854 summittere
1310 787 1452 856 exercitus

448 921 481 977 et
496 908 681 1004 provincias
702 906 908 1000 regentibus,
925 906 1019 1000 quasi
1041 904 1253 998 conspiratis,
1272 902 1413 998 idemque
1426 919 1454 972 et

447 1050 552 1096 uuum
559 1025 792 1094 sentientibuss
803 1023 961 1118 quicquid
974 1023 1095 1121 ubique
1103 1019 1263 1109 exsulum,
1271 1021 1419 1116 quicquid
1424 1025 1454 1092 in

447 1143 539 1214 Urbe
556 1143 729 1215 bominum
742 1142 978 1239 gallicanorum
991 1157 1093 1228 esset,
1109 1140 1337 1212 contrucidato
1351 1141 1455 1226 tillon,

446 1287 488 1332 ne
513 1262 766 1334 desciscentibus
790 1276 1062 1358 aggregarentur;
1085 1261 1165 1347 bos,
1191 1275 1229 1333 ut
1242 1261 1386 1332 conmios
1403 1285 1457 1354 po·

446 1379 612 1474 pultarium
637 1405 773 1452 suorum
800 1396 900 1476 atque
926 1381 1071 1452 fautores
1095 1405 1105 1448 t
1125 1377 1251 1450 Gellius
1276 1380 1456 1450 exercitibus

444 1500 645 1594 diripiendas
662 1503 853 1596 permittere
872 1515 1044 1570 :senatum
1065 1500 1254 1570 universum
1269 1523 1393 1568 veneno
1406 1523 1458 1593 per

443 1620 596 1688 conuma
618 1643 736 1688 necere
755 1645 764 1687 ε
786 1619 912 1688 Urbem
934 1617 1129 1706 incendere,
1152 1618 1228 1687 feris
1250 1619 1284 1686 in
1310 1616 1459 1712 populum

444 1740 614 1827 immissis,
636 1763 704 1833 quo
723 1737 889 1810 difficilius
906 1737 1145 1808 defenderetur.
1170 1737 1234 1806 Sed
1254 1738 1459 1819 absterritus,

443 1881 511 1927 non
525 1871 594 1928 tam
609 1859 819 1952 poenitentia,
832 1881 932 1952 quam
940 1855 1132 1952 perficiendi
1145 1853 1386 1951 desperatione,
1398 1879 1460 1925 cre·

442 1975 589 2070 densque
606 1977 850 2072 expeditionem
866 1977 1100 2061 necessariam,
1118 1975 1268 2064 consules
1285 1991 1363 2046 aute
1384 1989 1459 2048 tem·

444 2119 506 2188 pus
517 2096 660 2188 privavit
670 2096 795 2166 honore
805 2148 815 2182 ,
827 2110 926 2190 atque
938 2097 974 2164 in
989 2097 1162 2189 utriusque
1173 2093 1282 2165 locum
1295 2093 1384 2164 solus
1394 2094 1463 2162 iniit

444 2210 672 2298 consulatum,
688 2215 782 2308 quasi
798 2214 895 2286 fatale
910 2229 1013 2300 esset,
1028 2239 1095 2284 nou
1110 2237 1207 2308 posse
1223 2211 1351 2284 Gallias
1365 2209 1465 2282 debel-

444 2331 525 2420 lari,
540 2333 603 2401 nisi
618 2357 638 2402 a
654 2357 689 2401 se
706 2331 852 2404 consule.
869 2337 914 2403 Ac
929 2333 1086 2426 susceptis
1101 2331 1263 2416 fascibus,
1274 2357 1381 2426 quum
1396 2345 1463 2426 post

443 2449 556 2546 epulas
578 2449 722 2520 triclinio
746 2451 992 2546 digrederetur,
1013 2453 1145 2520 innixus
1164 2450 1310 2520 humeris
1330 2449 1463 2520 familia·

443 2571 546 2656 mum,
566 2569 759 2658 affirmavit,
778 2567 904 2639 «simut
920 2571 1112 2663 acprimum
1123 2570 1332 2664 provinciam
1344 2569 1466 2664 attigis-

442 2704 508 2777 set,
520 2691 679 2759 inermem
700 2713 734 2758 se
755 2691 790 2757 in
801 2703 1013 2784 conspectum
1029 2689 1231 2756 exercituum
1247 2688 1467 2782 proditurum,

441 2833 501 2878 nec
527 2810 704 2902 quicquam
737 2807 827 2876 aliud
856 2831 955 2900 quam
978 2805 1148 2892 fleturum
1180 2809 1411 2901 revocatisque
1430 2804 1467 2874 ad

439 2929 667 3022 peonitentiam
677 2925 915 3012 defectoribus,
929 2926 1078 3020 sequenti
1089 2925 1142 2993 die
1154 2923 1264 2994 laetum
1278 2925 1469 2996 interlectos

438 3060 650 3114 cantaturum
668 3045 828 3139 epinicia,
843 3067 916 3137 quae
931 3045 1000 3137 jam
1015 3067 1104 3112 nunc
1120 3043 1183 3112 sibi
1200 3047 1363 3138 componi
1377 3069 1471 3140 opor·

438 3177 554 3232 level.»
1357 3245 1361 3250 Ι

485 3285 604 3352 XLIV.
637 3287 677 3352 Iu
704 3284 918 3378 praeparanda
946 3284 1154 3378 expeditione
1183 3287 1327 3380 primum
1362 3309 1473 3356 curam

438 3401 555 3471 babuit
566 3399 731 3498 deligendi
743 3403 892 3475 vehicula
904 3403 1075 3498 portandis
1086 3405 1220 3475 scenicis
1231 3409 1387 3500 organis,
1400 3431 1475 3476 con·

437 3521 658 3616 cubinasque‚
679 3547 760 3616 quas
778 3547 889 3594 mcum
909 3522 1080 3612 educeret,
1099 3523 1257 3593 tondendi
1272 3525 1322 3595 ad
1345 3523 1477 3595 virilem

437 3640 593 3728 modum,
622 3655 655 3710 et
675 3643 842 3712 securibus
867 3641 1029 3736 peltisque
1054 3644 1251 3712 amazonicis
1270 3644 1477 3714 instruendi.

435 3761 517 3828 Mox
542 3759 648 3828 tribtu
677 3760 820 3830 urbanas
844 3759 887 3830 ad
915 3776 1154 3832 sacramentum
1170 3763 1302 3849 citavit3
1325 3789 1369 3834 ac
1387 3763 1479 3834 nullo

435 3877 554 3948 idoneo
564 3878 796 3974 respondente,
807 3894 933 3950 certum
947 3879 1090 3950 dominis
1100 3905 1271 3950 servorum
1287 3907 1478 3954 numerum

435 3997 569 4086 indixit3
583 4023 661 4086 nec,
675 3999 787 4070 nisiex
801 4011 870 4068 tota
887 4001 1048 4095 cujusque
1063 3999 1184 4070 familia
1199 4001 1482 4095 probatissimos,

436 4137 478 4182 ne
494 4115 773 4210 dispensatoribus
793 4117 926 4212 quidem
948 4133 1007 4189 aut
1024 4120 1279 4190 amanuensibus
1307 4125 1484 4219 exceptis,
