3108 5434
451 481 488 555 98
849 479 877 534 C.
899 479 1071 538 SUETONH

450 615 549 694 atque
568 599 630 668 alia
650 601 682 668 id
703 625 824 696 genus,
847 601 949 672 titulis
970 604 1115 672 obscuris
1135 617 1169 672 et
1187 603 1356 698 ambiguis.
1380 603 1467 673 Soie-

450 721 506 790 bat
526 733 560 788 et
577 719 900 813 inaequalissimarum
918 745 1028 790 rernm
1045 736 1166 807 sortes,
1184 735 1217 790 et
1234 745 1362 790 aversas
1378 723 1465 790 tabu·

449 835 555 908 larum
578 840 722 934 picturas
744 840 779 911 in
803 839 956 908 convivio
970 839 1163 926 ‚venditare,
1184 841 1372 932 incertoque
1395 863 1467 908 casn

448 980 539 1050 spem
557 957 770 1026 mercantium
793 955 844 1024 vei
864 956 1033 1040 frustrari,
1052 956 1103 1024 vel
1126 956 1273 1050 expiem
1293 959 1338 1024 ita
1354 971 1392 1025 nt
1413 983 1468 1051 per

448 1072 594 1168 singulos
609 1073 710 1143 lectos
725 1072 860 1148 licitatio
875 1073 980 1161 fieret,
996 1089 1028 1142 et
1042 1098 1098 1143 seu
1111 1075 1253 1165 jactura,
1270 1099 1327 1142 seu
1343 1073 1467 1144 lucrum

447 1193 756 1264 communicaretur.
1079 1270 1081 1275 Ι

494 1312 648 1382 Lxxvt.
674 1310 748 1380 Cibi
762 1309 859 1403 (nam
871 1309 1134 1402 nehaecquidcm
1146 1311 1331 1406 omiserim)
1343 1313 1469 1382 minimi

447 1443 533 1514 erat,
553 1443 651 1522 atque
670 1426 813 1522 vulgaris
831 1428 908 1497 fere.
928 1427 1163 1497 Secundarinm
1181 1453 1315 1522 panem,
1332 1443 1364 1497 et
1378 1432 1471 1523 pisci-

446 1547 537 1618 culos
558 1547 722 1633 minutos,
741 1561 774 1614 et
796 1571 925 1616 caseum
948 1545 1109 1618 bubulum
1133 1570 1231 1614 mann
1253 1571 1418 1640 pressum,
1439 1563 1470 1615 ct

447 1667 526 1736 ficos
551 1664 672 1736 virides
694 1665 813 1737 biferas
836 1668 977 1738 maxime
996 1666 1170 1760 appetebat
1190 1691 1198 1733 a
1219 1667 1472 1760 vescebaturque

446 1799 571 1862 etanta
588 1809 931 1878 coenamquocunqne
949 1801 1097 1878 tempore
1115 1800 1147 1854 et
1166 1783 1254 1873 loco,
1272 1810 1338 1878 quo
1354 1799 1472 1854 stoma·

447 1905 529 1976 ebus
548 1901 771 1974 desiderasset.
789 1903 900 1972 Verba
918 1903 1020 1996 ipsius
1036 1927 1075 1971 ex
1091 1901 1236 1997 epistolis
1253 1919 1330 1972 sunt
1348 1929 1356 1972 ε
1375 1906 1474 1974 ιιΝοε

448 2025 482 2090 in
500 2021 612 2092 essedo
632 2045 750 2114 panem
771 2036 804 2089 et
824 2019 985 2115 palmulas
1002 2023 1241 2116 gustavimus.»
1260 2027 1303 2092 Et
1323 2023 1443 2090 iterum
1464 2047 1473 2089 :

448 2145 565 2212 «Dum
580 2139 746 2212 tectiores
762 2141 851 2234 regia
867 2139 1002 2210 domum
1018 2140 1131 2229 redeo,
1145 2143 1239 2236 panis
1252 2141 1384 2210 unciam
1396 2165 1476 2210 cum

446 2262 559 2358 paucis
581 2261 684 2330 acinis
708 2283 780 2332 uvae
798 2259 964 2331 duracinae
984 2258 1149 2329 comedi.»
1169 2263 1211 2328 Et
1232 2284 1344 2330 rursus
1364 2284 1373 2326 ε
1395 2289 1412 2322 α
1425 2261 1479 2328 Ne

446 2379 577 2450 tudaeus
594 2378 743 2472 quidem,
761 2379 806 2451 mi
821 2378 948 2466 Tiberi,
963 2393 1031 2448 tam
1048 2375 1221 2472 diiigenter
1236 2377 1376 2446 sabbatis
1389 2377 1478 2469 jeju-

447 2500 540 2571 nium
564 2513 690 2588 servat,
713 2523 810 2592 quam
836 2523 897 2592 ego
921 2497 1018 2568 hodie
1040 2497 1183 2584 servavi,
1206 2499 1263 2588 qni
1287 2497 1320 2562 in
1342 2493 1480 2563 balineo

447 2619 580 2688 demum
595 2632 669 2712 post
684 2618 801 2689 horam
818 2617 957 2709 primam
972 2614 1167 2684 noctisduas
1179 2615 1318 2682 buooeas
1331 2612 1483 2685 mandu-

446 2739 537 2825 cavi,
556 2738 748 2830 priusquam
761 2735 841 2829 ungi
860 2735 1070 2828 inciperem.»
1087 2737 1137 2802 Ex
1154 2734 1215 2802 hac
1233 2732 1483 2801 inobservantia

447 2877 698 2948 nonnunquam,
717 2852 766 2922 vei
782 2866 858 2924 ante
872 2853 1006 2939 initum',
1022 2850 1072 2920 rel
1087 2866 1162 2946 post
1176 2851 1345 2918 dimissum
1362 2853 1488 2918 oonvi·

447 2969 1485 3065 riumsoluscoenitabat,qunmplenoconvivionibiltangeret.

496 3095 666 3164 LXXVII.
693 3092 771 3160 Vini
791 3115 922 3184 quoquc
938 3105 1056 3160 natura
1074 3089 1280 3182 parcissimus
1298 3104 1379 3158 erat.
1398 3093 1489 3158 Non

448 3209 590 3304 amplius
608 3225 657 3281 tcr
674 3209 786 3281 bibere
804 3234 880 3278 crim
897 3207 1031 3278 solitum
1046 3233 1145 3302 super
1162 3231 1286 3276 emnam
1308 3209 1341 3274 in
1361 3209 1494 3276 castris

448 3329 537 3424 apud
553 3329 732 3415 Mutinam,
750 3327 922 3398 Cornelius
937 3329 1048 3420 Nepos
1065 3325 1176 3395 tradit.
1195 3330 1327 3414 Postea,
1345 3328 1494 3418 quoties

450 3449 628 3543 largissime
655 3469 689 3516 se
716 3448 888 3533 invitaret,
917 3469 1011 3516 senos
1037 3459 1199 3514 sextantes
1225 3469 1292 3512 non
1317 3447 1497 3532 excessit,

449 3580 523 3656 ant,
544 3568 571 3639 si
589 3566 792 3652 excessisset,
811 3565 988 3657 rejiciebat.
1008 3569 1051 3634 Et
1071 3565 1210 3633 maxime
1230 3561 1422 3632 delectatus
1444 3580 1502 3634 est

449 3687 590 3769 Raetico,
608 3709 712 3778 usqne
730 3699 852 3756 temere
869 3683 1013 3757 interdiu
1028 3684 1121 3752 bibit.
1137 3687 1203 3752 Pro
1218 3695 1352 3776 potione
1368 3709 1503 3753 sume·

449 3807 506 3874 bat
522 3799 689 3899 pertusum
711 3829 797 3898 aqua
819 3803 938 3898 frigida
955 3827 1090 3896 panem,
1108 3817 1166 3872 ant
1187 3801 1373 3870 cucumeris
1397 3803 1505 3873 frus-

450 3939 538 4012 tum,
558 3921 609 3995 vel
629 3921 801 3999 lactuculae
819 3923 986 4016 thyrsum,
1005 3937 1063 3994 aut
1086 3945 1198 3990 recens
1220 3919 1404 3992 acidnmve
1432 3948 1506 4018 po·

451 4069 541 4116 mum
559 4043 648 4112 succi
666 4041 847 4114 vinosioria.
