3098 5446
409 609 447 665 38
817 608 847 663 C.
870 607 1048 662 SUETONII

411 759 515 830 guum
546 731 708 801 iudicium
735 729 921 826 splendoris
950 728 1082 800 familiae
1112 745 1145 800 et
1170 733 1353 800 vetustatis.
1376 733 1447 802 Nou

413 855 620 950 negaverim,
639 854 801 948 jactatum
821 876 841 922 a
860 851 1078 945 quibusdam,
1106 853 1259 921 Petronis
1280 865 1411 946 patrem
1433 877 1448 920 c

411 976 548 1070 regione
575 973 799 1069 transpadana
822 971 922 1042 luisse
945 973 1129 1068 mancipem
1160 997 1360 1066 operarum,
1383 998 1449 1067 que

411 1121 451 1166 ex
471 1095 612 1167 Umbria
624 1097 659 1162 in
678 1093 819 1164 Sabinos
843 1092 886 1162 ad
902 1092 1070 1164 culturam
1098 1117 1255 1189 agrorum
1273 1095 1449 1188 quotannis

410 1221 600 1288 commeare
616 1215 763 1302 soleant;
779 1213 963 1286 subsedisse
984 1229 1095 1284 autem
1110 1215 1144 1282 in
1161 1213 1288 1310 oppido
1309 1216 1449 1302 reatino,

410 1361 516 1408 uxore
532 1335 656 1406 ibidem
674 1335 784 1406 ducta.
801 1338 878 1431 lp‘se
896 1359 938 1404 ne
953 1335 1129 1430 vestigium
1149 1334 1285 1429 quidem
1302 1333 1346 1404 de
1369 1321 1447 1423 hoc,

409 1455 562 1552 quamvis
582 1457 662 1525 satis
679 1455 811 1524 curiose
830 1455 1049 1549 inquirerem,
1070 1455 1193 1525 inveni.
1545 1431 1546 1440 ἵ

456 1579 502 1648 ΙΙ.
519 1569 863 1674 Vespasianusnatus
878 1591 928 1645 est
946 1577 981 1644 iu
993 1577 1125 1646 Sabinis
1141 1576 1229 1646 ultra
1243 1580 1368 1668 Reate,
1382 1579 1448 1648 vico

408 1697 556 1788 modico,
572 1699 627 1768 cui
642 1723 765 1767 nomen
781 1711 832 1766 cst
845 1695 1062 1788 Phalacrine,
1074 1695 1328 1792 quintodecimo
1340 1697 1445 1770 kalen·

411 1819 470 1890 das
485 1821 685 1908 decembris,
703 1819 849 1912 vesperi,
867 1819 910 1907 Q.
930 1816 1080 1913 Sulpicio
1098 1819 1292 1908 Camerino,
1313 1825 1352 1892 C.
1369 1823 1451 1916 Pop-
1546 1793 1547 1858 l

408 1967 482 2036 pao
499 1941 646 2028 Sabino,
667 1937 875 2027 consulibus,
894 1939 1127 2033 quinquennio
1152 1955 1245 2027 ante,
1262 1965 1364 2035 quam
1383 1945 1450 2011 Au·
1546 1927 1547 1980 }

409 2076 528 2158 gustus
543 2060 714 2132 excederet
738 2087 747 2128 :
769 2059 930 2129 educatus
948 2059 1010 2128 sub
1027 2075 1166 2153 paterna
1189 2047 1454 2150 avia'Tertulla,

408 2184 443 2251 in
462 2181 594 2276 prediis
609 2181 751 2250 cosanis.
769 2181 886 2270 Quare
905 2179 1059 2275 princeps
1077 2204 1212 2274 quoque
1230 2193 1265 2250 et
1279 2178 1389 2250 locum
1406 2183 1458 2250 in-

409 2301 652 2372 cunabulorum
671 2301 804 2370 assidue
823 2301 1068 2394 frequentavit,
1092 2316 1249 2370 manente
1265 2301 1360 2392 villa,
1376 2327 1460 2398 qua·

409 2421 450 2490 lis
468 2420 576 2492 fuerat
596 2420 693 2509 olim,
719 2421 862 2516 nequid
885 2419 1009 2492 scilicet
1026 2419 1203 2492 oculorum
1222 2423 1460 2494 consuetudini
1547 2431 1548 2440 ’

288 2631 290 2638 Ι
409 2541 577 2637 deperiret
598 2569 606 2611 :
627 2545 661 2611 e't
685 2543 769 2611 aviae
793 2544 989 2611 memoriam
1020 2558 1113 2613 tanto
1141 2568 1243 2639 opere
1260 2543 1396 2635 dilexit,
1418 2564 1461 2614 ut

410 2661 628 2732 sollemnibus
653 2687 693 2732 ac
709 2661 802 2732 lestis
819 2661 938 2733 diebus
956 2661 1078 2758 pocillo
1096 2689 1232 2758 quoque
1246 2663 1319 2758 ejus
1334 2690 1463 2761 argen-

408 2799 466 2854 teo
484 2799 601 2878 potare
620 2785 891 2880 perseveraverit.
912 2787 1029 2853 Sumta
1046 2782 1132 2854 virili
1148 2799 1245 2881 toga,
1266 2785 1372 2856 latum
1388 2786 1467 2858 cla-

407 2930 503 2994 vum,
522 2929 725 2998 quamquam
736 2903 850 2974 'fratre'
865 2905 1009 2998 adepto,
1027 2903 1085 2973 diu
1103 2920 1275 2976 aversatus
1290 2921 1355 2996 eet;
1376 2933 1471 2996 nec,

407 3041 445 3094 nt
464 3025 599 3094 tandem
613 3040 805 3120 appeteret,
823 3023 994 3119 compelli,
1015 3027 1080 3094 nisi
1097 3051 1115 3094 a
1133 3040 1254 3112 matre,
1270 3030 1400 3122 potuit.
1421 3035 1475 3100 Ea

408 3143 542 3215 demum
556 3146 707 3234 extudit,
726 3147 833 3242 magis
852 3145 1025 3234 convicio,
1040 3170 1140 3239 quam
1160 3147 1317 3241 precibus
1337 3149 1398 3218 vel
1416 3177 1477 3221 au·

407 3265 580 3355 ctoritate,
595 3265 676 3335 dum
694 3291 772 3335 eum
788 3263 968 3336 identidem
981 3291 1041 3362 per
1054 3266 1292 3338 contumeliam
1307 3285 1481 3342 anteam-

406 3383 567 3456 bulonem
587 3386 700 3456 fratris
725 3385 884 3482 appellat.
904 3387 1077 3457 Tribunus
1096 3387 1242 3460 militum
1261 3387 1297 3458 in
1313 3389 1485 3463 Thracia

408 3509 542 3578 meruit.
560 3479 718 3598 Quaestor
742 3511 879 3578 Cretam
906 3521 939 3576 et
966 3509 1115 3603 Cyrenas
1136 3509 1349 3603 provinciam
1382 3531 1486 3584 sorte

407 3627 507 3723 cepit.
525 3623 703 3697 AEdilitatis
720 3653 758 3697 ac
785 3653 862 3697 mox
881 3643 1036 3724 praeturae
1050 3628 1260 3718 candidatus,
1280 3629 1390 3702 illam
1411 3661 1489 3706 non

408 3747 481 3816 sine
497 3745 632 3843 repulsa
650 3764 808 3843 sextoque
827 3748 903 3819 loco
918 3751 974 3819 vix
993 3749 1133 3844 adeptus
1150 3765 1200 3820 est
1216 3777 1225 3818 :
1241 3752 1333 3821 hanc
1362 3757 1493 3851 prima

410 3869 524 3936 statim
541 3869 721 3962 petitione,
741 3872 826 3939 etin
844 3871 970 3964 primis.
989 3873 1126 3956 Praetor,
1143 3861 1308 3941 infensum
1335 3881 1497 3948 senatui

410 3989 532 4057 Caium
554 4014 682 4084 nequo
703 4015 769 4059 non
788 4014 910 4085 genere
930 3989 1167 4078 demereretur,
1188 3989 1285 4061 ludos
1313 4013 1504 4070 extraor-

411 4107 560 4176 dinarios
578 4134 641 4203 pro
659 4111 797 4179 victoria
815 4111 888 4203 ejus
902 4113 1092 4206 germanica
1106 4112 1332 4208 depoposcit,
1364 4143 1508 4214 poenae.

413 4253 480 4319 que
499 4227 755 4321 conjuratorum
771 4229 960 4300 addendum
981 4233 1129 4321 censuit,
1152 4247 1189 4302 ut
1203 4234 1393 4326 insepulti
1418 4269 1510 4338 pro-
