3108 5434
404 514 441 570 92
808 499 837 551 c.
860 499 1033 554 snnronn

405 633 499 712 perta
520 621 668 688 Murena
685 621 912 712 conjuratione
931 623 1027 690 uxori
1047 621 1205 690 Terentia
1226 618 1430 714 prodidisset.

406 740 568 832 Exagitet
580 741 648 832 ipse
662 740 802 808 invicem
813 742 855 808 ab
869 744 982 810 amicis
993 739 1253 810 benevolentiam
1266 754 1433 824 mutuam,

406 872 475 926 tam
494 883 513 926 a
531 857 713 943 defunctis,
734 884 834 952 quam
853 885 872 928 a
892 861 985 930 vivis.
1006 861 1111 945 Nam,
1131 859 1282 954 quamvis
1301 859 1435 926 minime
1513 937 1516 948 ³

408 991 576 1071 appeteret
597 977 808 1068 hereditates,
829 981 944 1072 utqui
966 1003 1134 1071 nunquam
1154 1003 1192 1046 ex
1213 979 1317 1072 ignoti
1338 991 1436 1046 testa·

408 1112 520 1166 mento
545 1121 663 1191 capere
686 1101 862 1192 quicquam
888 1101 1099 1188 sustinuerit,
1123 1099 1302 1167 amicorum
1326 1114 1436 1166 tamen

408 1241 559 1310 suprema
583 1216 707 1311 judicia
732 1221 951 1288 morosissime
973 1221 1169 1312 pensitavit3
1193 1241 1300 1311 neque
1324 1213 1438 1285 dolore

409 1333 631 1426 dissimulato,
654 1339 681 1406 si
703 1340 852 1432 parcius,
874 1353 931 1408 aut
955 1340 1038 1406 citra
1061 1338 1220 1406 honorem
1241 1337 1438 1419 verborum,

409 1481 515 1550 neque
531 1458 668 1552 gaudio,
683 1459 710 1526 si
727 1473 819 1552 grate
834 1460 953 1552 pieque
966 1459 1041 1550 quis
1055 1481 1089 1525 se
1105 1471 1297 1550 prosecutus
1314 1456 1437 1524 fluisset.

409 1580 548 1672 Legata,
566 1574 617 1645 vel
633 1591 742 1670 partes
758 1577 992 1663 hereditatum,
1007 1602 1027 1644 a
1040 1577 1304 1670 quibuscumque
1319 1599 1438 1668 paren-

410 1698 499 1766 tibus
520 1695 634 1764 relicta
654 1696 735 1785 sibi,
757 1711 815 1764 aut
838 1697 947 1764 statim
971 1696 1081 1764 liberis
1105 1721 1218 1764 eorum
1241 1695 1439 1780 concedere,

412 1832 468 1884 aut
485 1819 512 1884 si
525 1814 680 1910 pupillari
694 1831 789 1884 oetate
804 1831 925 1903 essent,
942 1815 994 1883 die
1008 1814 1109 1882 virilis
1125 1831 1225 1909 togae,
1243 1813 1291 1884 vel
1308 1817 1441 1909 nuptia·

413 1961 503 2018 rum,
520 1935 595 2002 cuin
612 1937 815 2004 incremento
831 1937 1001 2003 restituere
1017 1949 1201 2004 consuerat.

460 2057 597 2124 LXVII.
622 2057 786 2122 Patronus
814 2052 1032 2147 dominusque
1060 2080 1127 2122 non
1155 2055 1263 2122 minus
1292 2077 1442 2138 severus,

414 2198 512 2266 quarn
529 2171 634 2240 facilis
648 2187 680 2240 et
696 2171 853 2258 clemens,
871 2172 992 2242 multos
1008 2172 1201 2241 libertorum
1220 2174 1252 2240 in
1269 2175 1395 2240 honore
1412 2186 1443 2239 et

415 2317 477 2362 usu
495 2293 640 2362 maximo
658 2293 772 2360 habuit
790 2319 797 2360 :
815 2308 852 2360 ut
869 2294 1037 2361 Licinium
1053 2291 1271 2377 Enceladum,
1285 2291 1442 2384 aliosque.

415 2416 572 2481 Cosmum
587 2435 733 2497 servum,
749 2413 937 2504 gravissime
950 2411 991 2478 dc
1005 2435 1039 2479 sc
1054 2413 1261 2505 opinantem,
1276 2437 1342 2479 non
1357 2409 1447 2478 ultra

416 2555 516 2624 quam
538 2530 752 2624 compedibus
771 2532 926 2598 coercuit.
950 2531 1145 2600 Diomedem
1169 2530 1447 2624 dispensatorem,

417 2677 437 2720 a
460 2677 527 2746 quo
553 2649 650 2720 simul
673 2649 884 2738 ambulante,
906 2652 1088 2719 incurrenti
1111 2667 1247 2744 repente
1271 2651 1341 2718 sero
1364 2676 1450 2743 apro

418 2798 476 2866 per
503 2787 629 2840 mctum
656 2771 805 2863 objectus
835 2781 904 2856 est,
934 2769 1051 2838 maluit
1079 2769 1262 2838 timiditatis
1290 2795 1450 2862 arguere,

418 2917 516 2984 quam
538 2916 650 2976 noxae;
671 2915 806 2982 remque
827 2915 893 2957 non
915 2890 1043 2956 minimi
1062 2888 1217 2982 periculi,
1236 2891 1314 2982 quia
1337 2905 1450 2957 tamen

419 3010 507 3078 fraus
524 3010 651 3094 aberat,
669 3011 702 3076 in
717 3010 830 3101 jocum
848 3011 956 3077 vertit.
973 3009 1064 3076 Idem
1080 3008 1256 3077 Proculum
1272 3035 1310 3078 cx
1330 3025 1453 3102 accep·

420 3129 552 3196 tissimis
569 3125 695 3194 libertis
712 3129 796 3195 mori
813 3129 936 3221 coegit,
953 3143 1157 3222 compertum
1176 3125 1363 3198 adulterare
1381 3153 1456 3196 ma-

420 3262 532 3314 tronas
557 3271 566 3313 ι
590 3244 728 3332 Thallo,
754 3271 774 3314 a
802 3271 923 3334 manu,
948 3247 1037 3340 quod
1065 3271 1127 3341 pro
1154 3245 1292 3341 epistola
1319 3249 1457 3340 prodita

422 3364 572 3433 denarios
594 3353 795 3458 quingentos
817 3368 1014 3459 accepisset,
1040 3390 1137 3434 crura
1161 3365 1267 3460 fregit.
1294 3365 1459 3460 Paedago-

422 3509 501 3578 gum
519 3485 750 3577 ministrosque
769 3487 840 3554 Caii
859 3485 935 3573 filii,
952 3509 1011 3579 per
1030 3487 1234 3556 occasionem
1254 3484 1461 3554 valetudinis

417 3584 601 3697 ‘mortisque
626 3605 696 3698 ejus
719 3606 859 3699 superbe
884 3629 1045 3698 avareque
1071 3608 1103 3673 in
1128 3608 1298 3700 provincia
1324 3629 1464 3701 grassa-

423 3738 491 3811 tos,
507 3725 650 3793 oneratis
675 3726 767 3818 gravi
789 3723 935 3818 pondere
957 3727 1157 3812 cervicibus,
1180 3727 1399 3820 precipitavit
1428 3731 1462 3794 in

423 3842 557 3910 llumen.

471 3964 622 4032 vaul.
650 3963 760 4030 Prima
780 3963 916 4055 juventa
944 3967 1110 4034 variorum
1143 3964 1341 4033 dedecorum
1371 3967 1482 4066 insa--

425 4084 523 4150 miam
544 4083 652 4152 subiit.
676 4087 748 4152 Sex.
772 4085 946 4174 Pompeius
969 4100 1006 4152 ut
1031 4087 1252 4154 effeminatum
1276 4088 1466 4156 insectatus
