3098 5446
571 527 680 582 nano.
927 507 934 522 '
1043 495 1129 598 '249

103 646 311 754 ‘applicarem
329 648 503 741 multisque
518 647 568 716 vel
588 649 762 717 amicitiam
777 671 869 716 suam
886 647 1061 736 obtulerit,
1079 652 1129 720 vel
1178 714 1180 718 ,

126 767 318 836 simultatem
338 768 508 855 indixerit,
526 782 624 861 prout
643 768 779 860 quisque
795 791 828 834 ae
843 768 945 860 magis
962 769 1130 861 parciusue

125 885 289 956 laudasset.

99 1073 100 1076 ,
164 1008 285 1075 XXVI.
305 1005 537 1092 Petulantiam,
552 1005 737 1092 libidinem,
750 1005 932 1094 luxuriam,
946 1007 1130 1094 avaritiam,

124 1123 363 1208 crudelitatem,
377 1129 496 1196 sensim
515 1126 643 1218 quidem
660 1126 767 1220 primo
783 1140 816 1195 et
827 1124 970 1210 occulte,
989 1141 1023 1196 et
1040 1125 1131 1196 velut

121 1242 253 1333 juvenili
275 1269 401 1327 errore,
421 1247 563 1314 exercuit
580 1271 588 1312 :
608 1245 663 1313 sed
684 1259 723 1313 ut
744 1259 825 1313 tunc
842 1269 972 1338 quoque
994 1244 1130 1313 dubium

123 1349 241 1429 nemini
267 1362 369 1447 foret,
390 1377 512 1432 naturas
535 1360 589 1430 illa
614 1363 711 1448 vitia,
735 1387 801 1431 non
824 1364 926 1431 etatis
949 1387 1028 1432 esse.
1052 1365 1132 1432 Post

122 1479 346 1570 crepusculum
371 1482 499 1566 statim,
518 1495 649 1574 arrepto
669 1479 754 1573 pileo
773 1477 823 1549 vel
844 1477 973 1574 galero,
995 1481 1131 1574 popinas

124 1595 242 1682 inibat;
257 1599 444 1692 circumque
461 1600 550 1668 vicos
567 1598 746 1692 vagabatur
760 1597 979 1687 ludibundus,
993 1623 1053 1668 nec
1063 1601 1132 1668 sine

122 1715 262 1805 pernicie
284 1731 405 1786 tamen.
422 1717 591 1810 Siquidem
606 1715 775 1786 redeuntes
798 1739 920 1786 acoena
941 1717 1131 1806 verberare,

122 1811 156 1899 ab
173 1847 396 1926 repugnantes
414 1833 604 1920 vulnerare,
624 1833 805 1926 cloacisque
819 1834 1005 1928 demergere
1023 1861 1130 1905 assue-

121 1964 197 2018 rat:
225 1951 375 2020 tabernas
399 1954 496 2021 etiam
520 1951 692 2046 effringere
721 1967 754 2020 et
785 1951 945 2046 expilare,
977 1955 1131 2047 quintana

120 2052 206 2136 donn
221 2071 411 2157 constituta,
429 2071 485 2140 nbi
505 2085 605 2163 partor
619 2083 651 2138 et
667 2069 707 2138 ad
726 2068 937 2139 licitationem
953 2071 1133 2141 dividendae

107 2185 234 2278 ,predae
250 2189 392 2280 pretinm
411 2188 644 2257 absumeretur.
662 2191 811 2282 hesepe
828 2191 861 2256 in
879 2184 1037 2281 ejusmodi
1055 2191 1133 2259 rixis

120 2303 288 2374 oculorum
303 2321 337 2374 et
353 2307 427 2374 vitae
443 2305 621 2398 pericnlum
638 2305 736 2392 adiit,
755 2331 773 2374 a
794 2306 936 2399 quodam
954 2306 1132 2395 laticlavia,

120 2422 210 2515 cujus
242 2449 375 2493 uxorem
405 2438 648 2508 attrectaverat,
680 2447 781 2517 prope
809 2423 849 2492 ad
880 2449 990 2493 necem
1022 2449 1131 2495 caesus.

119 2539 232 2626 Quare
253 2565 421 2633 nunquam
441 2556 549 2635 postea
572 2541 703 2635 publico
720 2566 753 2610 se
774 2539 855 2608 illud
871 2541 960 2610 horse
984 2545 1053 2612 sine
1073 2547 1132 2612 tri·

119 2657 214 2728 bunis
237 2663 420 2746 commisit,
439 2659 553 2754 procul
576 2676 609 2729 et
628 2660 753 2729 occulte
777 2661 1056 2751 subsequentibus.
1081 2665 1134 2736 In-¹

118 2776 225 2864 terdiu
242 2802 373 2872 quoque
382 2778 466 2847 clam
477 2781 650 2874 gestatoria
662 2776 741 2846 sella
756 2776 880 2845 delatus
900 2779 933 2845 in
951 2779 1132 2864 theatrum,

118 2895 331 2978 seditionibus
349 2900 622 2991 pantomimorum
638 2923 677 2966 ex
694 2911 785 2990 parte
798 2897 956 2989 proscenii
973 2898 1132 2992 superiori

117 3015 253 3108 signifer
273 3016 424 3085 simulac
448 3031 611 3110 spectator
628 3014 749 3084 aderat.
768 3017 812 3083 Et
833 3037 934 3107 quum
955 3014 995 3082 ad
1017 3040 1133 3084 manus
1261 3033 1269 3050 ·

117 3149 252 3202 ventum
269 3149 373 3221 esset,
388 3133 613 3228 lapidibusque
630 3147 661 3202 et
679 3133 905 3202 subselliorum
920 3135 1134 3228 fragminibus

117 3250 356 3340 decerneretur,
382 3251 484 3321 multa
511 3267 544 3320 et
573 3254 641 3346 ipse
670 3253 748 3344 jecit
771 3254 806 3320 in
831 3251 1008 3345 populutn,
1037 3267 1135 3347 atque

115 3371 213 3440 etiarn
233 3373 381 3465 praetoris
397 3386 496 3465 caput
513 3372 743 3440 consauciavit.

159 3493 305 3560 xxvll.
320 3488 480 3559 Paulatim
489 3513 568 3558 vero
582 3489 851 3558 invalescentibus
861 3491 964 3576 vitiis,
976 3489 1135 3582 jocularia

114 3623 148 3676 et
164 3607 310 3676 latebras
323 3609 453 3697 omisit,
468 3605 622 3701 nullaque
636 3607 858 3676 dissimulandi
870 3631 948 3676 cura
958 3608 999 3676 ad
1011 3609 1135 3701 majora

113 3725 226 3819 palam
252 3727 371 3820 erupit.
392 3726 513 3820 Epulas
531 3751 550 3794 a
568 3725 675 3795 medio
698 3727 749 3795 die
772 3725 812 3794 ad
840 3727 979 3794 mediam
1005 3739 1134 3794 noctem

111 3845 351 3937 protrahebat,
367 3845 489 3914 refotus
508 3847 623 3940 saepius
644 3844 754 3914 calidis
771 3846 918 3938 piscinis,
935 3868 972 3912 ae
990 3860 1135 3937 tempore

111 3965 232 4032 aestivo
259 3965 378 4032 nivatis
406 3990 414 4032 ε
442 3966 678 4059 ooenitnbatque
704 3987 940 4055 nonnunquam
962 3977 993 4030 et
1020 3964 1054 4030 in
1078 3987 1137 4056 pu·

110 4079 224 4168 blico,
255 4082 458 4152 Naumachia
487 4082 661 4176 preclusa,
688 4081 738 4151 vel
768 4083 889 4150 Martio
924 4105 1056 4174 campo,
1086 4080 1135 4150 vel
