3168 5440
440 492 494 553 :tt
899 481 1012 536 nore

436 606 633 662 Romanorum
651 595 1037 670 eonsuetudinem,quorum
1056 596 1156 652 moise
1169 606 1228 652 turn
1239 595 1385 653 lutielusiae
1394 613 1461 670 quun

437 690 645 770 ungusticlarise
661 689 781 743 mouture
799 687 940 743 carebant.
959 688 1079 744 siun.
1094 688 1123 743 in
1137 689 1247 763 Vopisc.

481 785 537 842 Neo
549 795 606 838 ut...
617 783 784 858 cingeretur.
799 780 943 852 Trujectio
952 779 982 834 in
995 781 1092 837 Nostr.
1110 781 1244 856 frequens
1261 800 1318 854 pro
1332 802 1339 836 :
1358 801 1407 836 uec
1419 803 1465 837 iin-

436 895 525 953 quom
536 876 622 930 oli'ter
632 893 718 948 quoru
736 885 766 927 ut
778 891 866 946 super
882 889 946 927 eum
960 873 1123 946 cingeretur.

479 969 547 1026 Cn.
561 967 667 1024 XLVI.
684 965 801 1022 Subura.
813 989 825 1014 «ι
838 964 951 1020 Subura
961 982 1025 1037 quse
1034 963 1109 1020 inter
1117 965 1257 1039 Esquilias
1266 975 1295 1021 et
1313 965 1468 1036 Tuminuleru

436 1057 708 1136 iuuet,priuoipium
716 1057 818 1112 hahuit
833 1074 849 1112 a
863 1056 929 1112 loro
947 1073 1068 1112 romano
1077 1057 1134 1113 sive
1144 1057 1234 1113 uloro
1242 1057 1344 1113 Nervis
1353 1057 1431 1132 imp.;
1442 1056 1470 1112 ll·

437 1173 503 1212 uent
515 1172 585 1210 vero
604 1152 642 1208 ud
656 1151 759 1208 clivum
777 1151 972 1222 suburauuru;
984 1150 1076 1222 dictu,
1091 1162 1124 1206 ut
1143 1150 1241 1208 Iunius
1256 1151 1371 1222 scribit,
1388 1153 1420 1207 uh
1439 1171 1469 1207 eo

439 1245 520 1321 quod
538 1244 624 1300 luerit
642 1244 696 1300 sub
720 1243 838 1316 antiqua
859 1241 941 1298 urhe.
955 1265 967 1292 ι
983 1245 1153 1314 Minurus,
1182 1245 1263 1298 llom.
1292 1243 1453 1318 topogruph
1462 1283 1470 1310 ,

438 1357 485 1409 rr,
508 1355 558 1408 so,
578 1336 609 1391 in
624 1335 707 1391 Thes.
730 1336 835 1402 cm,
852 1353 948 1408 111,p.
970 1332 1033 1390 156.
1232 1351 1236 1358 “

477 1431 606 1485 pvblica.
620 1427 691 1497 Dio,
709 1445 843 1500 xu111,p.
865 1423 921 1482 235
938 1446 945 1480 :
962 1419 1032 1487 ῥστι
1046 1437 1069 1486 iv
1079 1443 1114 1506 τῷ
1132 1431 1245 1506 ὴμσὶφ
1259 1436 1339 1491 pluis,

480 1521 654 1577 Nemorensi.
670 1519 714 1576 Sc.
734 1537 821 1596 agro,
831 1535 923 1592 prope
940 1517 1081 1589 ArieImn,
1093 1518 1145 1574 uhi
1159 1520 1239 1575 lucus
1253 1530 1314 1574 erut
1325 1518 1420 1574 Diana
1432 1537 1475 1574 ss-

440 1633 496 1672 cer.
514 1612 652 1690 (Surus,
671 1629 699 1682 v,
712 1629 741 1684 p.
764 1609 846 1687 165.)
860 1613 904 1666 De
916 1610 970 1666 huc
984 1609 1051 1667 villa
1063 1611 1231 1667 Nemorensi
1248 1612 1306 1666 Cic.
1323 1612 1366 1665 ud
1383 1612 1473 1677 Attio,
1557 1611 1558 1652 ἶ

438 1725 485 1777 vr,
506 1725 518 1760 r
539 1725 546 1759 :
562 1707 692 1760 «Putant
700 1721 832 1758 nurnrnos
845 1721 912 1758 suos
929 1721 981 1758 vos
991 1703 1161 1775 comedisse,
1179 1706 1314 1760 Cursarem
1328 1703 1358 1758 iu
1374 1704 1476 1760 Neuro-

439 1796 515 1854 rensi
528 1795 697 1852 edificando
715 1793 932 1870 diligentiorem.
952 1817 965 1844 ι

480 1893 518 1946 In
527 1887 780 1963 expeditionibus...
790 1887 1047 1944 circumtulisse-
1057 1889 1190 1942 Tesselloe
1200 1888 1300 1944 oaleuli
1315 1897 1397 1942 erant
1410 1906 1477 1962 quu-

441 1981 529 2039 drutis
547 1979 691 2054 variisque
711 1978 858 2035 coloribus
884 1977 972 2035 tincti.
992 1978 1109 2034 Sestilia
1128 1990 1228 2034 erustae
1246 1978 1397 2035 marmoris
1416 1979 1477 2034 surii
1559 1992 1560 2048 ᾗ

441 2071 546 2130 eoloris
563 2081 592 2127 et
612 2071 711 2126 tormae
726 2091 732 2124 ι
750 2070 810 2126 huso
828 2070 859 2126 in
875 2067 1039 2144 pavimento
1058 2087 1091 2126 uo
1106 2072 1169 2126 solo
1183 2089 1325 2142 mansere3
1342 2073 1477 2128 tessellato

441 2165 479 2220 sd
495 2179 619 2220 uumerus
632 2163 768 2217 translatu
786 2172 815 2216 et
831 2162 934 2217 musivi
944 2160 1039 2235 operis
1055 2161 1172 2218 nornine
1187 2165 1335 2236 appellata.
1346 2164 1478 2220 Deutris·
1560 2228 1561 2236 ἵ

441 2275 498 2330 que
514 2257 598 2329 plura
626 2253 750 2308 Salmas.
777 2254 894 2310 exercit.
921 2253 1010 2325 Plin,
1030 2271 1060 2329 p.
1085 2263 1168 2323 ml.
1183 2287 1223 2298 -
1239 2257 1406 2312 Pavonenta
1424 2267 1478 2314 sunt

441 2345 671 2422 pavimentorum
691 2345 827 2418 materiis,
846 2364 918 2420 quas
937 2345 1154 2403 circumferebat
1172 2349 1263 2404 Cesar
1275 2347 1306 2402 in
1323 2348 1478 2422 expeditio-

441 2439 540 2508 nibus,
560 2448 593 2493 ut
620 2437 734 2512 quoties
756 2449 846 2495 oestro
870 2437 1035 2496 metendum
1056 2449 1141 2511 esset,
1163 2443 1328 2514 pavimento
1353 2459 1391 2496 ex
1410 2440 1478 2498 iisiu

354 2559 357 2568 »
441 2528 577 2604 pretorio
594 2539 780 2586 struerentur.

482 2623 549 2680 Cur.
565 2621 688 2677 XLVII.
707 2621 834 2676 Serviu'a.
855 2623 890 2678 II.
911 2641 927 2678 e
943 2641 1048 2680 senos.

481 2714 655 2770 dationibus.
670 2715 706 2770 II.
720 2733 744 2770 e.
763 2733 954 2788 expensorum
969 2715 1054 2772 lihro.

482 2807 548 2862 Cur.
564 2807 699 2862 vanl.
711 2807 843 2882 Sagati...
864 2807 1123 2881 togati-Soguti
1138 2817 1205 2862 sunt
1217 2807 1320 2864 milites
1338 2805 1479 2863 Cannu

442 2898 562 2971 elieujus
581 2897 771 2973 dignationIs,
787 2899 886 2973 quoles
902 2898 938 2954 de
954 2899 1072 2954 cohorte
1081 2899 1277 2974 pretoriu3-
1284 2900 1422 2973 palliati,
1437 2915 1479 2954 ro-

443 2989 615 3065 mitesgraeci
645 2989 826 3065 philosophi,
842 2991 988 3062 rhetores,
1001 3008 1076 3063 quos
1088 2989 1143 3047 illis
1160 2991 1339 3064 temporibus
1355 2987 1482 3046 illustrio-

443 3101 489 3138 res
500 3081 622 3137 Romani
632 3081 661 3137 in
680 3085 817 3140 comitutu
832 3101 885 3139 suo
902 3081 1009 3138 hebere
1024 3083 1170 3154 solebant,
1187 3113 1228 3126 —
1245 3085 1352 3158 togati,
1367 3079 1480 3139 Romani

444 3173 578 3238 illustres,
589 3184 650 3230 turn
664 3186 835 3250 quaestores,
849 3185 909 3230 tum
928 3183 1073 3231 senatores
1089 3175 1275 3250 equitesque,
1293 3174 1346 3249 qui
1360 3175 1432 3230 forte
1449 3169 1480 3226 ed

444 3265 537 3340 Ipsum
547 3265 743 3324 devertebuut.

491 3358 624 3414 Viuren't.
642 3361 732 3436 Leges
745 3361 820 3418 enim
834 3359 1110 3417 convivalesomioos
1115 3359 1262 3434 gradatio
1275 3358 1379 3414 itcsbeu¹
1388 3354 1480 3432 prohi-

445 3451 561 3508 bebunt.
579 3451 654 3508 Vide
670 3455 755 3508 Puris.
770 3455 854 3524 Iuro,
872 3452 966 3526 Epist.
973 3489 983 3518 ,
998 3469 1041 3522 rr,
1059 3451 1088 3506 6.

486 3545 553 3601 Cur.
576 3546 684 3600 XLIX.
714 3545 796 3600 Calvi
816 3545 928 3600 Licinii.
951 3545 1039 3600 Poeta
1058 3542 1114 3601 luit
1133 3543 1237 3602 Catulli
1259 3542 1426 3600 familiaris:
1445 3537 1479 3592 de

447 3655 506 3712 quo
524 3638 608 3710 plura
625 3637 704 3711 opud
723 3639 800 3700 Cro..
820 3639 920 3704 Brut,
944 3636 991 3693 δι.

487 3731 627 3785 Actiones.
643 3729 678 3786 II.
697 3747 721 3785 e.
737 3728 881 3786 orationes
899 3729 930 3784 iu
948 3738 1049 3786 senatu
1067 3728 1187 3801 habite,
1204 3747 1265 3785 non
1283 3727 1419 3794 forenses,
1433 3739 1484 3776 ¹¹²-

448 3833 528 3879 ctore
546 3824 587 3880 CI.
603 3824 687 3879 Base.

491 3915 664 3988 Sporadum...
684 3917 800 3972 lectica.
816 3917 873 3970 I'ro
896 3932 1005 3982 uxore,
1034 3933 1098 3988 que
1116 3913 1146 3969 in
1168 3911 1304 3970 interiore
1320 3908 1384 3966 lecti
1403 3913 1487 3980 perte

447 4006 566 4080 jacebat.
581 4005 699 4082 Spondet
717 4007 753 4065 de
770 4008 845 4064 lecto
862 4006 925 4080 ipso
943 4005 1057 4062 dicitur.

493 4099 603 4153 Edicto.
620 4097 695 4154 Vide
716 4117 817 4172 supra,
835 4116 881 4152 xx.
