3168 5440
296 773 461 863 AULI
496 773 724 866 PERSII
758 775 935 865 VITA.

535 1087 696 1105 υ*-

94 1276 244 1404 Annns'
255 1335 401 1404 Psasrus
415 1336 572 1404 Fnaccus
588 1349 685 1404 natus
700 1349 750 1404 est
764 1335 872 1430 pridie
887 1362 993 1409 nonas
1007 1338 1133 1411 decern

91 1455 177 1539 bris,
203 1453 306 1523 Fabio
334 1455 485 1542 Persico,
510 1457 550 1524 L.
570 1452 724 1540 Vitellio,
751 1456 954 1528 consulibus.
984 1463 1135 1532 Decessit

89 1589 245 1644 octavum
260 1573 418 1644 kalendas
436 1573 601 1644 decembr.
613 1574 732 1652 Publio
746 1579 868 1662 Mario,
884 1580 1001 1649 Asinio
1019 1580 1133 1669 Gallo,

89 1693 292 1765 consulibus.
309 1695 417 1764 Natus
431 1695 465 1766 in
484 1696 618 1765 Etruria
633 1695 832 1785 volaterris,
845 1723 948 1792 eques
962 1725 1134 1790 romanus,

89 1817 252 1910 sanguine
268 1829 303 1885 et
320 1815 484 1885 affinitate
498 1817 598 1910 primi
613 1815 740 1886 ordinis
756 1819 834 1886 viris
851 1820 1063 1913 conjunctus,
1078 1822 1136 1890 de·

89 1937 187 2006 cessit
204 1934 247 2004 ad
265 1950 421 2005 octavum
439 1935 632 2004 milliarium
652 1938 704 2005 via
726 1939 833 2032 Appia
853 1940 887 2008 in
905 1939 1037 2034 prediis
1052 1943 1133 2011 suis.

88 2059 189 2125 Pater
202 2057 276 2150 ejus
291 2054 430 2125 Flaccus
451 2053 615 2150 pupillum
636 2055 770 2151 reliquit
784 2059 945 2147 moriens,
965 2084 1134 2131 annorum

88 2176 156 2244 sere
183 2200 250 2245 sex.
278 2174 395 2246 Fulvia
420 2177 571 2246 Sisennia
598 2192 706 2246 mater
727 2179 840 2272 nupsit
870 2195 986 2272 postea
1011 2183 1134 2269 Fusio,

88 2295 194 2390 equiti
215 2321 355 2366 romano
374 2323 383 2366 τ
403 2310 436 2366 et
452 2320 528 2366 enm
547 2321 683 2391 quoque
697 2297 816 2368 extulit
831 2300 920 2368 intra
935 2325 1059 2395 paucos
1077 2327 1136 2372 an·
1161 2347 1164 2353 ·

90 2442 160 2487 nos.
183 2416 321 2487 Studuit
335 2415 473 2487 Flaccus
488 2442 593 2511 usque
611 2417 653 2486 ad
674 2443 800 2488 annum
815 2418 1050 2492 duodecimum
1069 2423 1136 2492 Vo-

88 2537 220 2608 laterris
236 2563 245 2607 t
261 2537 338 2608 inde
352 2542 469 2608 Romae
485 2537 574 2633 apud
593 2540 845 2633 grammaticum
864 2541 1056 2610 Remmium
1074 2544 1136 2611 Pa·

89 2657 282 2745 hamonem,
299 2671 333 2726 et
350 2657 441 2753 apud
458 2659 627 2727 rhetorem
643 2659 833 2753 virginium
854 2657 1003 2729 Flavum.
1019 2661 1133 2749 Quum

86 2791 174 2847 esset
194 2801 360 2848 annorum
382 2779 542 2867 sedecim,
564 2780 710 2847 amicitia
730 2781 830 2873 coepit
844 2780 894 2848 nti
914 2783 1030 2850 Annei
1050 2784 1133 2851 Cor-

86 2900 184 2984 nuti,
202 2900 249 2968 ita
267 2912 306 2968 ut
321 2898 363 2968 ab
383 2923 423 2966 eo
439 2921 604 2992 nusquam
620 2897 828 2968 discederett
850 2920 869 2968 a
890 2923 960 2992 qno
979 2900 1134 2972 inductus

83 3017 299 3112 aliquatenus
316 3019 350 3086 in
365 3017 611 3114 philosophiam
630 3033 690 3087 est.
708 3020 840 3088 Amicos
858 3019 975 3088 habuit
991 3044 1011 3089 a
1026 3023 1133 3115 prima

84 3137 313 3208 adolescentia
336 3141 479 3208 (testum
507 3142 645 3208 Bassum
675 3153 827 3232 poetam,
851 3155 884 3208 et
910 3139 1133 3236 Calpurnium

51 3279 57 3294 ·
83 3262 223 3348 Suram,
248 3260 306 3354 qui
327 3284 367 3329 eo
389 3260 466 3328 vivo
487 3260 619 3354 juvenis
642 3259 793 3329 decessit.
814 3257 929 3330 Coiuit
947 3276 987 3331 ut
1005 3275 1133 3356 patrem

81 3378 267 3448 Servilium
286 3381 491 3450 Nonianum.
511 3381 575 3447 Per
591 3381 780 3450 Cornutum
798 3383 955 3476 cognovit
971 3387 1132 3452 Annaeum
1186 3395 1190 3406 “

80 3501 186 3568 etiam
219 3503 410 3586 Lucanum,
440 3523 622 3593 aequaevum
649 3497 838 3568 auditorem
868 3503 1021 3570 Cornuti.
1047 3504 1131 3572 Nam

79 3623 259 3689 Cornutus
278 3617 338 3688 illo
367 3633 517 3713 tempore
543 3620 689 3714 tragicus
710 3619 789 3705 suit,
808 3636 907 3690 secta
927 3623 1054 3710 stoicae,
1076 3625 1132 3716 qui

79 3737 190 3809 libros
204 3739 426 3835 philosophiae
441 3737 585 3834 reliquit.
601 3737 666 3809 Sed
676 3743 833 3811 Lucanus
848 3742 932 3812 adeo
949 3743 1134 3812 mirahatur

78 3861 212 3955 scripta
239 3859 366 3947 Flacci,
388 3873 426 3929 nt
448 3861 501 3928 vix
521 3861 677 3930 retineret
700 3859 812 3930 acillo
834 3863 995 3932 recitante
1024 3887 1042 3932 a
1063 3861 1130 3932 cla·

75 4006 194 4069 more,
207 3977 303 4077 [quin
327 3979 409 4050 uilla
425 4005 497 4050 esse
514 4006 592 4050 vera
615 3995 796 4077 poemata»
811 3981 960 4080 diceret}
976 3987 1059 4052 Sero
1079 4009 1133 4052 co·

75 4104 202 4194 gnovit
220 4116 254 4170 et
273 4105 448 4190 Senecam,
471 4102 527 4171 sed
551 4079 621 4170 ¹uon
642 4118 678 4172 ut
700 4119 875 4198 caperetur
893 4105 964 4197 ejus
987 4105 1130 4200 iugenio.
