3168 5440
330 585 333 592 ⁴
428 501 482 557 108
701 497 826 556 PUBLII
846 497 1026 554 TERENTll
1048 496 1151 554 vm.

425 625 540 709 cadia,
560 621 714 709 tradunt,
735 626 797 693 Cn.
817 621 974 693 Cornelio
1000 620 1189 710 Dolabella,
1210 624 1326 693 Marco
1345 619 1442 722 Fulvio

425 741 598 816 Nobiliore
605 793 615 831 ,
641 741 852 829 consulibus,
881 741 998 812 morbo
1019 739 1217 837 implicitum
1239 745 1325 826 ocri,
1347 723 1442 812 dolone

425 889 464 934 ac
481 861 579 933 tedio
594 864 788 932 amissarum
806 865 1030 948 sarcinarum,
1050 864 1182 955 quasin
1200 864 1275 932 navi
1294 865 1444 957 praernise-

426 999 496 1073 rat,
517 1008 555 1054 ac
569 982 667 1052 simul
686 981 894 1070 fabularum,
911 1007 993 1078 quas
1010 1007 1113 1052 novas
1129 981 1261 1052 fecerat.
1278 984 1388 1052 Fuisse
1411 982 1446 1051 di·

426 1105 514 1174 citur
535 1102 692 1172 mediocri
722 1116 867 1186 statura,
892 1099 1007 1196 gracili
1036 1126 1195 1196 corpore,
1223 1100 1335 1172 colore
1358 1101 1446 1172 fusco.

426 1222 574 1318 Reliquit
599 1221 718 1310 liliam,
744 1247 817 1316 quae
840 1237 916 1316 post
936 1222 1041 1316 equiti
1060 1245 1200 1291 romano
1222 1223 1362 1315 nupsit:
1384 1224 1446 1291 iten

426 1342 576 1414 hortulos
594 1343 711 1438 viginti
727 1344 882 1438 jugerum
896 1343 930 1410 in
946 1342 999 1410 via
1017 1342 1124 1435 Appia
1140 1339 1183 1410 ad
1201 1342 1319 1410 Martis
1336 1340 1446 1410 villan.

427 1465 505 1553 Quo
522 1463 627 1558 magis
644 1463 759 1551 miror,
777 1463 932 1531 Porcium
953 1462 1115 1551 scribere,

718 1608 1047 1665 mlnl
1066 1608 1183 1664 Publius

464 1699 561 1775 Scipio
573 1701 696 1775 proluit,
713 1699 785 1756 nihil
803 1700 830 1756 ei
847 1700 963 1772 Laelius,
977 1700 1049 1755 nihil
1063 1701 1179 1756 Furius:

464 1793 533 1848 Tres
550 1811 602 1868 pet·
619 1793 695 1850 idem
709 1803 820 1867 tempus
833 1792 884 1866 qui
903 1792 1050 1866 agitabant
1069 1793 1180 1848 nobiles
1199 1792 1359 1864 facillume,

464 1887 571 1942 Eorum
590 1886 639 1942 ille
658 1905 744 1959 opera
762 1903 800 1941 ne
819 1884 936 1940 domum
955 1883 1070 1958 quidem
1088 1885 1188 1941 habuit
1204 1884 1423 1958 conducticiam,

464 1979 568 2035 Saltem
582 1988 614 2033 nt
631 1989 719 2049 esset,
737 1996 797 2051 quo
814 1975 932 2033 referret
953 1976 1064 2032 obitum
1081 1977 1193 2032 domini
1209 1977 1350 2033 servulus.

425 2109 523 2173 Hunc
548 2103 703 2173 Afranius
730 2101 865 2196 quidem
883 2103 1038 2172 omnibus
1062 2103 1197 2171 comicis
1213 2102 1365 2196 praefert,
1387 2103 1452 2172 scri·

426 2224 507 2292 bens
524 2223 560 2290 in
578 2219 844 2315 Compitalibus:

541 2366 677 2422 Terentio
695 2385 756 2421 non
773 2365 894 2422 similem
907 2366 984 2424 dices
1000 2369 1169 2443 quempiam.

426 2489 596 2561 Volcatius
609 2505 719 2560 autem
739 2517 805 2560 non
824 2489 931 2562 solnm
947 2494 1063 2562 Naevio
1079 2508 1112 2562 et
1126 2491 1245 2563 Plauto
1265 2508 1298 2561 et
1316 2493 1452 2579 Caecilio,

426 2611 484 2680 sed
501 2611 631 2682 Licinio
656 2635 790 2705 quoque
812 2626 845 2680 et
871 2610 987 2681 tuitio
1010 2613 1191 2706 postponit.
1216 2613 1335 2681 Cicero
1356 2613 1389 2680 in
1405 2614 1452 2680 Li-

426 2757 526 2801 mone
545 2733 706 2802 hactenus
726 2729 840 2801 laudat
861 2758 868 2799 :

486 2879 531 2934 Tu
548 2897 676 2954 quoque,
694 2878 744 2954 qui
762 2880 838 2936 solus
853 2878 926 2935 lecto
943 2897 1086 2949 sermone,
1105 2879 1234 2949 Terenti,

487 2973 664 3029 Conversum
681 2989 901 3045 expressumque
921 2971 1007 3026 latina
1026 2989 1097 3027 voce
1113 2971 1303 3026 Menandrum

484 3066 517 3120 ln
530 3063 626 3119 medio
639 3063 741 3137 populi
757 3063 861 3119 sedetis
875 3063 993 3118 vocibus
1008 3061 1107 3134 effers,

485 3155 628 3230 Quicquid
643 3173 724 3212 corne
737 3157 871 3230 loquens,
885 3165 969 3229 utque
981 3155 1077 3210 omnia
1092 3154 1186 3210 dulcia
1202 3155 1308 3212 dicens.

423 3285 510 3350 Item
526 3283 564 3350 C.
584 3281 693 3350 Caesar
712 3306 719 3347 :

485 3423 531 3479 Tu
548 3441 675 3498 quoque,
691 3433 720 3478 tu
738 3425 769 3479 in
787 3425 919 3495 summis,
935 3443 953 3480 o
974 3425 1122 3481 dimidiate
1135 3425 1308 3496 Menander,

483 3517 615 3588 Poneris,
632 3527 660 3573 et
681 3517 799 3591 merito,
812 3517 877 3591 puri
890 3517 1029 3574 sermonis
1045 3527 1166 3574 amator.

485 3609 610 3666 Lenibus
630 3620 714 3684 atque
733 3611 842 3668 utinam
856 3610 969 3683 scriptis
982 3607 1117 3682 adjuncta
1133 3609 1207 3666 soret
1229 3609 1290 3682 vis,

487 3703 602 3760 Comicu
621 3713 653 3759 ut
669 3714 779 3777 aequnto
797 3704 886 3760 virtus
900 3705 1022 3777 polleret
1037 3705 1148 3760 honore

484 3797 555 3852 Cnm
568 3796 686 3866 Graecis3
704 3816 796 3870 neque
811 3797 840 3852 in
858 3798 911 3852 hac
927 3796 1075 3869 despectus
1088 3807 1168 3870 parte
1184 3797 1308 3870 jaceres!

485 3889 582 3945 Unum
600 3889 656 3945 hoc
671 3907 816 3958 maceror,
832 3899 860 3944 et
879 3890 965 3945 doleo
979 3890 1033 3945 tihi
1048 3889 1162 3962 deesse,
1178 3890 1302 3947 Terenti.

792 4087 1102 4110 ..ι-*ή-
