3098 5446
478 545 749 606 VESPASMNUS.
1106 499 1143 616 Ι43
1156 541 1160 546 ’

98 673 221 760 luerat,
235 673 478 768 Vespasianum
493 671 649 744 laudibus
664 673 808 764 serrent3
821 696 992 743 assensere
1008 677 1143 759 cuncti,

97 819 287 888 nomenque
299 795 370 890 ejus
389 793 516 876 vexillis
527 796 683 866 omnibus
696 797 770 864 siae
784 819 878 864 mora
889 795 1140 889 inscripserunt.

96 919 136 984 Et
148 929 234 984 tuno
250 915 385 1010 quidem
399 941 589 1011 compressa
601 941 653 986 res
670 929 739 1004 est,
757 917 918 986 revocatis
932 915 976 984 ad
995 915 1142 984 officium

96 1036 245 1106 numeris
264 1061 455 1132 parumper.
477 1026 653 1124 Ceterum,
680 1035 852 1132 divulgato
866 1036 975 1125 facto,
991 1037 1143 1106 Tiberius

95 1155 295 1246 Alexander,
316 1157 487 1252 praelectus
506 1161 661 1255 AEgypti,
682 1159 809 1253 primus
835 1159 870 1227 in
887 1157 989 1227 verba
1014 1161 1144 1254 Vespa·

96 1279 181 1346 siam
214 1264 359 1374 legiones
394 1280 507 1377 adegit
532 1280 681 1351 kalendis
703 1278 796 1376 juliis
820 1305 829 1349 ι
851 1280 908 1374 qni
937 1280 1145 1374 principatus
1209 1322 1211 1328 ·
1246 1305 1250 1314 ·

96 1397 165 1468 dies
187 1401 411 1496 inposterum
434 1402 628 1472 observatus
648 1418 707 1472 est.
731 1401 891 1472 Judaious
908 1399 1029 1470 deinde
1050 1424 1143 1470 exer-

98 1522 186 1591 citus
206 1523 327 1614 quinto
346 1523 420 1593 idus
435 1521 536 1619 julias
553 1523 644 1619 apud
670 1527 780 1620 ipsum
796 1523 934 1617 jurarit.
954 1519 1142 1592 Plurimum

96 1643 217 1734 creptis
234 1642 451 1716 contulerunt
473 1648 634 1741 jactatum
654 1643 823 1739 exenrplar
846 1641 1016 1738 epistolae,
1042 1665 1146 1730 verae,

95 1764 164 1832 sive
183 1761 292 1857 falsae,
312 1764 460 1836 defuncti
478 1769 628 1848 Othonis⁴
646 1766 688 1836 ad
711 1764 972 1860 Vespasianum,
997 1779 1144 1833 extrema

96 1883 320 1954 obtestatione
335 1885 496 1957 ultionem
512 1888 720 1975 mandantis,
737 1902 790 1976 et,
804 1902 842 1955 ut
860 1883 1050 1982 reipublicae
1067 1886 1146 1954 sub·

96 2005 246 2093 venirat,
276 2009 425 2100 optantis
446 2033 455 2076 :
478 2007 578 2078 simul
599 2031 714 2077 rumor
739 2007 937 2103 dissipatus,
963 2006 1145 2076 destinasse

94 2127 260 2196 victorem
276 2125 448 2198 Vitellium
461 2145 652 2224 permutare
668 2131 808 2199 hiberna
824 2128 1010 2225 legionum,
1030 2144 1063 2197 et
1075 2149 1149 2223 ger·

94 2249 244 2318 manicas
270 2248 451 2318 transferre
473 2251 507 2319 ia
536 2253 709 2320 Orientem
732 2251 775 2319 ad
794 2253 995 2319 securiorem
1016 2249 1146 2320 mollio-

94 2393 234 2462 remque
251 2367 406 2439 militiam
426 2385 607 2466 :praeterea
628 2396 668 2440 ex
686 2367 879 2467 presidibus
895 2372 1146 2466 provinciarum

93 2489 246 2558 Licinius
258 2491 452 2577 Mucianus,
465 2507 528 2561 ete
545 2493 679 2588 regibus
696 2489 881 2588 Vologesus
894 2492 1055 2577 Parthus;
1070 2489 1146 2578 ille,
1247 2537 1248 2540 =

92 2609 250 2705 deposita
277 2611 462 2702 simultate,
489 2637 590 2708 quam
608 2615 642 2682 in
664 2613 698 2682 id
725 2629 855 2708 tempus
873 2637 913 2680 ex
933 2610 1146 2682 emulatione

93 2756 167 2801 non
187 2733 330 2804 obscure
345 2734 495 2830 gerebat,
517 2737 682 2831 syriacum
703 2735 855 2829 promisit
874 2733 1076 2820 exercitum3
1092 2733 1147 2803 hic

91 2852 320 2950 quadraginta
339 2854 444 2942 millia
461 2857 718 2952 sagittariorum.

141 2977 225 3044 VII.
256 2977 421 3070 Suscepto
442 2977 544 3072 igitur
568 2977 656 3048 civili
673 2976 786 3064 bello,
807 3001 845 3047 ac
866 2975 1006 3046 ducibus
1026 2978 1147 3072 copiis-

86 3123 159 3190 que
174 3098 211 3164 in
227 3094 372 3197 ltaliam·
379 3099 572 3192 praemissis,
588 3099 722 3168 interim
740 3097 976 3168 Alexandriam
994 3099 1147 3182 transiit,

86 3233 127 3287 ut
147 3216 299 3287 claustra
318 3220 451 3314 AEgypti
470 3219 646 3288 obtineret.
665 3221 728 3289 Hic
742 3243 845 3314 quum
864 3205 906 3287 de
918 3218 1072 3289 firmitate
1089 3217 1150 3287 im·

85 3341 179 3435 perii
208 3355 370 3436 capturus
394 3341 599 3435 auspicium,
625 3340 730 3410 aedem
757 3341 946 3435 Serapidis,
973 3344 1147 3410 summotis

85 3461 276 3548 omuibus,
300 3459 390 3532 solus
413 3464 586 3549 intrasset,
612 3487 669 3550 ao,
699 3463 881 3558 propitiato
899 3459 1042 3532 multum
1064 3461 1148 3548 deo,

83 3581 233 3652 tandem
255 3607 292 3651 se
311 3584 550 3670 convertisset,
569 3584 728 3653 verbenas
746 3607 953 3676 coronasque
971 3598 1003 3651 et
1030 3581 1148 3676 panifi-

83 3705 140 3772 cia
155 3755 167 3792 ,
185 3717 224 3772 ut
246 3701 316 3772 illic
335 3702 474 3788 assolet,
491 3702 653 3774 Basilides
676 3701 814 3773 libertus
832 3703 992 3773 obtulisse
1006 3705 1035 3772 ei
1058 3704 1147 3772 visus

81 3840 166 3894 est:
187 3847 290 3918 quem
302 3847 412 3918 neque
429 3823 613 3894 admissum
631 3849 651 3894 a
670 3849 861 3919 quoquam,
878 3839 912 3893 et
930 3827 998 3918 jam
1016 3824 1146 3919 pridem

80 3959 240 4041 propter
268 3968 449 4015 nervorum
476 3944 699 4016 valetudinem
721 3947 776 4015 vin
804 3945 950 4041 ingredi,
982 3944 1148 4039 longeque

81 4067 233 4150 abesse,
266 4068 452 4137 constabat.
484 4071 531 4137 Ac
563 4069 674 4137 statim
699 4067 864 4135 advenere
895 4064 1030 4152 litterae,
1061 4065 1149 4134 fusas

81 4185 190 4283 apud
208 4190 411 4258 Cremonam
438 4188 564 4258 Vitellii
582 4191 715 4284 copias,
735 4190 841 4282 ipsum
867 4190 901 4256 in
927 4188 1020 4256 Urbe
1045 4189 1149 4280 iuter-
