<?xml version="1.0" encoding="UTF-8"?>
<!DOCTYPE html PUBLIC "-//W3C//DTD XHTML 1.0 Transitional//EN"
    "http://www.w3.org/TR/xhtml1/DTD/xhtml1-transitional.dtd">
<html xmlns="http://www.w3.org/1999/xhtml" xml:lang="en" lang="en">
 <head>
  <title>
</title>
<meta http-equiv="Content-Type" content="text/html;charset=utf-8" />
  <meta name='ocr-system' content='tesseract 3.04.00' />
  <meta name='ocr-capabilities' content='ocr_page ocr_carea ocr_par ocr_line ocrx_word'/>
</head>
<body>
  <div class='ocr_page' id='page_1' title='image "./caiisuetonitran00grosgoog_0237.png"; bbox 0 0 3114 5446; ppageno 0'>
   <div class='ocr_carea' id='block_1_1' title="bbox 419 475 1047 538">
    <p class='ocr_par' dir='ltr' id='par_1_1' title="bbox 419 475 1047 538">
     <span class='ocr_line' id='line_1_1' title="bbox 419 475 1047 538; baseline -0.008 -2"><span class='ocrx_word' id='word_1_1' title='bbox 419 479 475 538; x_wconf 80' lang='lat' dir='ltr'><strong>aod</strong></span> <span class='ocrx_word' id='word_1_2' title='bbox 506 527 508 532; x_wconf 95' lang='lat'><strong>.</strong></span> <span class='ocrx_word' id='word_1_3' title='bbox 823 477 852 531; x_wconf 91' lang='lat' dir='ltr'><strong>C.</strong></span> <span class='ocrx_word' id='word_1_4' title='bbox 870 475 1047 532; x_wconf 77' lang='lat' dir='ltr'><strong>suuroult</strong></span> 
     </span>
    </p>
   </div>
   <div class='ocr_carea' id='block_1_2' title="bbox 418 594 1461 3432">
    <p class='ocr_par' dir='ltr' id='par_1_2' title="bbox 418 594 1447 2718">
     <span class='ocr_line' id='line_1_2' title="bbox 419 594 1426 696; baseline -0.011 -21"><span class='ocrx_word' id='word_1_5' title='bbox 419 605 567 690; x_wconf 77' lang='lat' dir='ltr'><strong>dentem,</strong></span> <span class='ocrx_word' id='word_1_6' title='bbox 584 604 816 696; x_wconf 80' lang='lat' dir='ltr'><strong>imperatorem</strong></span> <span class='ocrx_word' id='word_1_7' title='bbox 833 598 996 670; x_wconf 83' lang='lat' dir='ltr'><strong>salutavit.</strong></span> <span class='ocrx_word' id='word_1_8' title='bbox 1012 600 1097 668; x_wconf 89' lang='lat' dir='ltr'><strong>Hinc</strong></span> <span class='ocrx_word' id='word_1_9' title='bbox 1115 596 1157 666; x_wconf 87' lang='lat' dir='ltr'><strong>ad</strong></span> <span class='ocrx_word' id='word_1_10' title='bbox 1179 594 1258 666; x_wconf 92' lang='lat' dir='ltr'><strong>alios</strong></span> <span class='ocrx_word' id='word_1_11' title='bbox 1285 596 1426 668; x_wconf 87' lang='lat' dir='ltr'><strong>commili-</strong></span> 
     </span>
     <span class='ocr_line' id='line_1_3' title="bbox 419 715 1426 811; baseline -0.01 -17"><span class='ocrx_word' id='word_1_12' title='bbox 419 738 529 811; x_wconf 88' lang='lat' dir='ltr'><strong>tones,</strong></span> <span class='ocrx_word' id='word_1_13' title='bbox 540 721 751 807; x_wconf 88' lang='lat' dir='ltr'><strong>fluctuantes,</strong></span> <span class='ocrx_word' id='word_1_14' title='bbox 762 743 823 788; x_wconf 90' lang='lat' dir='ltr'><strong>nec</strong></span> <span class='ocrx_word' id='word_1_15' title='bbox 836 719 1012 811; x_wconf 90' lang='lat' dir='ltr'><strong>quicquam</strong></span> <span class='ocrx_word' id='word_1_16' title='bbox 1023 715 1133 788; x_wconf 87' lang='lat' dir='ltr'><strong>adhuc</strong></span> <span class='ocrx_word' id='word_1_17' title='bbox 1145 741 1244 809; x_wconf 90' lang='lat' dir='ltr'><strong>quam</strong></span> <span class='ocrx_word' id='word_1_18' title='bbox 1256 715 1426 801; x_wconf 84' lang='lat' dir='ltr'><strong>frementes,</strong></span> 
     </span>
     <span class='ocr_line' id='line_1_4' title="bbox 419 833 1428 938; baseline -0.011 -25"><span class='ocrx_word' id='word_1_19' title='bbox 419 841 581 938; x_wconf 83' lang='lat' dir='ltr'><strong>perduxit.</strong></span> <span class='ocrx_word' id='word_1_20' title='bbox 599 840 653 910; x_wconf 84' lang='lat' dir='ltr'><strong>Ab</strong></span> <span class='ocrx_word' id='word_1_21' title='bbox 672 839 723 908; x_wconf 91' lang='lat' dir='ltr'><strong>bis</strong></span> <span class='ocrx_word' id='word_1_22' title='bbox 741 837 865 908; x_wconf 77' lang='lat' dir='ltr'><strong>lecticae</strong></span> <span class='ocrx_word' id='word_1_23' title='bbox 883 837 1070 930; x_wconf 88' lang='lat' dir='ltr'><strong>impositus,</strong></span> <span class='ocrx_word' id='word_1_24' title='bbox 1083 849 1133 924; x_wconf 91' lang='lat' dir='ltr'><strong>et,</strong></span> <span class='ocrx_word' id='word_1_25' title='bbox 1151 837 1228 928; x_wconf 89' lang='lat' dir='ltr'><strong>quia</strong></span> <span class='ocrx_word' id='word_1_26' title='bbox 1241 837 1293 904; x_wconf 92' lang='lat' dir='ltr'><strong>sui</strong></span> <span class='ocrx_word' id='word_1_27' title='bbox 1305 833 1428 927; x_wconf 87' lang='lat' dir='ltr'><strong>dilluge·</strong></span> 
     </span>
     <span class='ocr_line' id='line_1_5' title="bbox 419 953 1428 1048; baseline -0.011 -17"><span class='ocrx_word' id='word_1_28' title='bbox 419 975 508 1048; x_wconf 86' lang='lat' dir='ltr'><strong>rant,</strong></span> <span class='ocrx_word' id='word_1_29' title='bbox 521 959 666 1028; x_wconf 90' lang='lat' dir='ltr'><strong>vicissim</strong></span> <span class='ocrx_word' id='word_1_30' title='bbox 678 955 934 1026; x_wconf 76' lang='lat' dir='ltr'><strong>succollantibus</strong></span> <span class='ocrx_word' id='word_1_31' title='bbox 951 958 986 1025; x_wconf 93' lang='lat' dir='ltr'><strong>in</strong></span> <span class='ocrx_word' id='word_1_32' title='bbox 1003 969 1109 1025; x_wconf 88' lang='lat' dir='ltr'><strong>castra</strong></span> <span class='ocrx_word' id='word_1_33' title='bbox 1124 953 1251 1024; x_wconf 86' lang='lat' dir='ltr'><strong>delatus</strong></span> <span class='ocrx_word' id='word_1_34' title='bbox 1266 968 1330 1040; x_wconf 90' lang='lat' dir='ltr'><strong>est,</strong></span> <span class='ocrx_word' id='word_1_35' title='bbox 1343 954 1428 1022; x_wconf 87' lang='lat' dir='ltr'><strong>tristis</strong></span> 
     </span>
     <span class='ocr_line' id='line_1_6' title="bbox 419 1073 1428 1172; baseline -0.009 -24"><span class='ocrx_word' id='word_1_36' title='bbox 419 1104 457 1148; x_wconf 90' lang='lat' dir='ltr'><strong>ac</strong></span> <span class='ocrx_word' id='word_1_37' title='bbox 486 1076 651 1172; x_wconf 90' lang='lat' dir='ltr'><strong>trepidus,</strong></span> <span class='ocrx_word' id='word_1_38' title='bbox 678 1077 852 1146; x_wconf 87' lang='lat' dir='ltr'><strong>miserante</strong></span> <span class='ocrx_word' id='word_1_39' title='bbox 877 1075 975 1146; x_wconf 89' lang='lat' dir='ltr'><strong>obvia</strong></span> <span class='ocrx_word' id='word_1_40' title='bbox 1001 1075 1119 1162; x_wconf 90' lang='lat' dir='ltr'><strong>turba,</strong></span> <span class='ocrx_word' id='word_1_41' title='bbox 1144 1077 1236 1169; x_wconf 88' lang='lat' dir='ltr'><strong>quasi</strong></span> <span class='ocrx_word' id='word_1_42' title='bbox 1254 1073 1297 1143; x_wconf 87' lang='lat' dir='ltr'><strong>ad</strong></span> <span class='ocrx_word' id='word_1_43' title='bbox 1312 1097 1428 1166; x_wconf 85' lang='lat' dir='ltr'><strong>poenam</strong></span> 
     </span>
     <span class='ocr_line' id='line_1_7' title="bbox 418 1171 1430 1292; baseline -0.01 -25"><span class='ocrx_word' id='word_1_44' title='bbox 418 1171 592 1292; x_wconf 81' lang='lat' dir='ltr'><strong>raperetur</strong></span> <span class='ocrx_word' id='word_1_45' title='bbox 607 1197 729 1266; x_wconf 89' lang='lat' dir='ltr'><strong>insons.</strong></span> <span class='ocrx_word' id='word_1_46' title='bbox 751 1201 913 1292; x_wconf 78' lang='lat' dir='ltr'><strong>Receptus</strong></span> <span class='ocrx_word' id='word_1_47' title='bbox 933 1195 1021 1264; x_wconf 90' lang='lat' dir='ltr'><strong>intra</strong></span> <span class='ocrx_word' id='word_1_48' title='bbox 1037 1192 1177 1282; x_wconf 89' lang='lat' dir='ltr'><strong>vallum,</strong></span> <span class='ocrx_word' id='word_1_49' title='bbox 1191 1194 1278 1262; x_wconf 92' lang='lat' dir='ltr'><strong>inter</strong></span> <span class='ocrx_word' id='word_1_50' title='bbox 1292 1192 1430 1262; x_wconf 82' lang='lat' dir='ltr'><strong>excubias</strong></span> 
     </span>
     <span class='ocr_line' id='line_1_8' title="bbox 420 1311 1430 1410; baseline -0.008 -25"><span class='ocrx_word' id='word_1_51' title='bbox 420 1317 563 1386; x_wconf 89' lang='lat' dir='ltr'><strong>militum</strong></span> <span class='ocrx_word' id='word_1_52' title='bbox 575 1315 791 1410; x_wconf 90' lang='lat' dir='ltr'><strong>pernoctavit,</strong></span> <span class='ocrx_word' id='word_1_53' title='bbox 800 1312 969 1408; x_wconf 86' lang='lat' dir='ltr'><strong>aliquanto</strong></span> <span class='ocrx_word' id='word_1_54' title='bbox 983 1315 1113 1383; x_wconf 87' lang='lat' dir='ltr'><strong>minore</strong></span> <span class='ocrx_word' id='word_1_55' title='bbox 1122 1337 1190 1406; x_wconf 89' lang='lat' dir='ltr'><strong>spe,</strong></span> <span class='ocrx_word' id='word_1_56' title='bbox 1202 1337 1302 1405; x_wconf 91' lang='lat' dir='ltr'><strong>quam</strong></span> <span class='ocrx_word' id='word_1_57' title='bbox 1313 1311 1430 1380; x_wconf 90' lang='lat' dir='ltr'><strong>fiducia.</strong></span> 
     </span>
     <span class='ocr_line' id='line_1_9' title="bbox 420 1431 1432 1506; baseline -0.009 -1"><span class='ocrx_word' id='word_1_58' title='bbox 420 1439 507 1506; x_wconf 89' lang='lat' dir='ltr'><strong>Nam</strong></span> <span class='ocrx_word' id='word_1_59' title='bbox 526 1434 676 1504; x_wconf 90' lang='lat' dir='ltr'><strong>consules</strong></span> <span class='ocrx_word' id='word_1_60' title='bbox 696 1459 772 1504; x_wconf 91' lang='lat' dir='ltr'><strong>cum</strong></span> <span class='ocrx_word' id='word_1_61' title='bbox 784 1449 899 1504; x_wconf 87' lang='lat' dir='ltr'><strong>senatu</strong></span> <span class='ocrx_word' id='word_1_62' title='bbox 916 1447 949 1502; x_wconf 88' lang='lat' dir='ltr'><strong>et</strong></span> <span class='ocrx_word' id='word_1_63' title='bbox 964 1432 1154 1502; x_wconf 84' lang='lat' dir='ltr'><strong>cohortibus</strong></span> <span class='ocrx_word' id='word_1_64' title='bbox 1173 1431 1307 1500; x_wconf 89' lang='lat' dir='ltr'><strong>urbanis</strong></span> <span class='ocrx_word' id='word_1_65' title='bbox 1322 1435 1432 1500; x_wconf 86' lang='lat' dir='ltr'><strong>Forum</strong></span> 
     </span>
     <span class='ocr_line' id='line_1_10' title="bbox 419 1550 1434 1649; baseline -0.009 -23"><span class='ocrx_word' id='word_1_66' title='bbox 419 1553 687 1649; x_wconf 76' lang='lat' dir='ltr'><strong>Capitoliumque</strong></span> <span class='ocrx_word' id='word_1_67' title='bbox 709 1568 925 1648; x_wconf 85' lang='lat' dir='ltr'><strong>occuparant,</strong></span> <span class='ocrx_word' id='word_1_68' title='bbox 946 1553 1100 1622; x_wconf 84' lang='lat' dir='ltr'><strong>asserturi</strong></span> <span class='ocrx_word' id='word_1_69' title='bbox 1117 1576 1326 1620; x_wconf 88' lang='lat' dir='ltr'><strong>communem</strong></span> <span class='ocrx_word' id='word_1_70' title='bbox 1347 1550 1434 1618; x_wconf 90' lang='lat' dir='ltr'><strong>liber·</strong></span> 
     </span>
     <span class='ocr_line' id='line_1_11' title="bbox 420 1668 1436 1767; baseline -0.007 -25"><span class='ocrx_word' id='word_1_71' title='bbox 420 1688 520 1742; x_wconf 87' lang='lat' dir='ltr'><strong>tatem</strong></span> <span class='ocrx_word' id='word_1_72' title='bbox 533 1697 541 1740; x_wconf 79' lang='lat' dir='ltr'><strong>s</strong></span> <span class='ocrx_word' id='word_1_73' title='bbox 555 1675 745 1766; x_wconf 77' lang='lat' dir='ltr'><strong>accitusque</strong></span> <span class='ocrx_word' id='word_1_74' title='bbox 764 1687 797 1740; x_wconf 91' lang='lat' dir='ltr'><strong>et</strong></span> <span class='ocrx_word' id='word_1_75' title='bbox 815 1673 886 1767; x_wconf 90' lang='lat' dir='ltr'><strong>ipse</strong></span> <span class='ocrx_word' id='word_1_76' title='bbox 903 1696 963 1766; x_wconf 90' lang='lat' dir='ltr'><strong>per</strong></span> <span class='ocrx_word' id='word_1_77' title='bbox 976 1671 1126 1740; x_wconf 90' lang='lat' dir='ltr'><strong>tribunos</strong></span> <span class='ocrx_word' id='word_1_78' title='bbox 1142 1668 1245 1764; x_wconf 92' lang='lat' dir='ltr'><strong>plebis</strong></span> <span class='ocrx_word' id='word_1_79' title='bbox 1260 1670 1294 1738; x_wconf 92' lang='lat' dir='ltr'><strong>in</strong></span> <span class='ocrx_word' id='word_1_80' title='bbox 1312 1671 1436 1740; x_wconf 87' lang='lat' dir='ltr'><strong>Curiam</strong></span> 
     </span>
     <span class='ocr_line' id='line_1_12' title="bbox 420 1789 1435 1885; baseline -0.008 -23"><span class='ocrx_word' id='word_1_81' title='bbox 420 1793 462 1862; x_wconf 88' lang='lat' dir='ltr'><strong>ad</strong></span> <span class='ocrx_word' id='word_1_82' title='bbox 482 1790 668 1880; x_wconf 85' lang='lat' dir='ltr'><strong>suadenda,</strong></span> <span class='ocrx_word' id='word_1_83' title='bbox 689 1816 760 1885; x_wconf 76' lang='lat' dir='ltr'><strong>quae</strong></span> <span class='ocrx_word' id='word_1_84' title='bbox 779 1790 987 1878; x_wconf 86' lang='lat' dir='ltr'><strong>viderentur,</strong></span> <span class='ocrx_word' id='word_1_85' title='bbox 1008 1792 1067 1858; x_wconf 77' lang='lat' dir='ltr'><strong>«vi</strong></span> <span class='ocrx_word' id='word_1_86' title='bbox 1086 1816 1120 1860; x_wconf 90' lang='lat' dir='ltr'><strong>se</strong></span> <span class='ocrx_word' id='word_1_87' title='bbox 1133 1805 1170 1858; x_wconf 89' lang='lat' dir='ltr'><strong>et</strong></span> <span class='ocrx_word' id='word_1_88' title='bbox 1184 1789 1374 1858; x_wconf 82' lang='lat' dir='ltr'><strong>necessitate</strong></span> <span class='ocrx_word' id='word_1_89' title='bbox 1393 1803 1435 1856; x_wconf 90' lang='lat' dir='ltr'><strong>te·</strong></span> 
     </span>
     <span class='ocr_line' id='line_1_13' title="bbox 419 1908 1437 2005; baseline -0.005 -25"><span class='ocrx_word' id='word_1_90' title='bbox 419 1912 506 1996; x_wconf 88' lang='lat' dir='ltr'><strong>neri,</strong></span> <span class='ocrx_word' id='word_1_91' title='bbox 515 1941 532 1976; x_wconf 82' lang='lat' dir='ltr'><strong>n</strong></span> <span class='ocrx_word' id='word_1_92' title='bbox 550 1909 729 2005; x_wconf 87' lang='lat' dir='ltr'><strong>respondit.</strong></span> <span class='ocrx_word' id='word_1_93' title='bbox 743 1915 870 1982; x_wconf 86' lang='lat' dir='ltr'><strong>Verum</strong></span> <span class='ocrx_word' id='word_1_94' title='bbox 879 1923 1011 2004; x_wconf 88' lang='lat' dir='ltr'><strong>postero</strong></span> <span class='ocrx_word' id='word_1_95' title='bbox 1025 1908 1096 1997; x_wconf 90' lang='lat' dir='ltr'><strong>die,</strong></span> <span class='ocrx_word' id='word_1_96' title='bbox 1107 1923 1141 1978; x_wconf 90' lang='lat' dir='ltr'><strong>et</strong></span> <span class='ocrx_word' id='word_1_97' title='bbox 1156 1924 1273 1978; x_wconf 89' lang='lat' dir='ltr'><strong>senatu</strong></span> <span class='ocrx_word' id='word_1_98' title='bbox 1292 1909 1437 2004; x_wconf 85' lang='lat' dir='ltr'><strong>segniore</strong></span> 
     </span>
     <span class='ocr_line' id='line_1_14' title="bbox 422 2027 1441 2123; baseline -0.001 -27"><span class='ocrx_word' id='word_1_99' title='bbox 422 2030 456 2098; x_wconf 93' lang='lat' dir='ltr'><strong>in</strong></span> <span class='ocrx_word' id='word_1_100' title='bbox 475 2029 691 2122; x_wconf 86' lang='lat' dir='ltr'><strong>exsequendis</strong></span> <span class='ocrx_word' id='word_1_101' title='bbox 709 2029 896 2116; x_wconf 88' lang='lat' dir='ltr'><strong>conatibus,</strong></span> <span class='ocrx_word' id='word_1_102' title='bbox 916 2053 975 2123; x_wconf 88' lang='lat' dir='ltr'><strong>per</strong></span> <span class='ocrx_word' id='word_1_103' title='bbox 1001 2029 1132 2098; x_wconf 83' lang='lat' dir='ltr'><strong>taedium</strong></span> <span class='ocrx_word' id='word_1_104' title='bbox 1149 2051 1189 2096; x_wconf 88' lang='lat' dir='ltr'><strong>ac</strong></span> <span class='ocrx_word' id='word_1_105' title='bbox 1212 2027 1441 2098; x_wconf 88' lang='lat' dir='ltr'><strong>dissensionem</strong></span> 
     </span>
     <span class='ocr_line' id='line_1_15' title="bbox 421 2147 1438 2242; baseline -0.001 -26"><span class='ocrx_word' id='word_1_106' title='bbox 421 2148 549 2218; x_wconf 87' lang='lat' dir='ltr'><strong>diversa</strong></span> <span class='ocrx_word' id='word_1_107' title='bbox 574 2149 798 2236; x_wconf 88' lang='lat' dir='ltr'><strong>censentium,</strong></span> <span class='ocrx_word' id='word_1_108' title='bbox 814 2163 848 2217; x_wconf 92' lang='lat' dir='ltr'><strong>et</strong></span> <span class='ocrx_word' id='word_1_109' title='bbox 867 2147 1092 2234; x_wconf 90' lang='lat' dir='ltr'><strong>multitudine,</strong></span> <span class='ocrx_word' id='word_1_110' title='bbox 1109 2172 1182 2241; x_wconf 80' lang='lat' dir='ltr'><strong>quae</strong></span> <span class='ocrx_word' id='word_1_111' title='bbox 1193 2147 1438 2242; x_wconf 84' lang='lat' dir='ltr'><strong>circumstabat,</strong></span> 
     </span>
     <span class='ocr_line' id='line_1_16' title="bbox 421 2268 1443 2361; baseline -0.004 -25"><span class='ocrx_word' id='word_1_112' title='bbox 421 2291 526 2336; x_wconf 91' lang='lat' dir='ltr'><strong>unum</strong></span> <span class='ocrx_word' id='word_1_113' title='bbox 553 2281 712 2336; x_wconf 88' lang='lat' dir='ltr'><strong>rectorem</strong></span> <span class='ocrx_word' id='word_1_114' title='bbox 734 2269 801 2360; x_wconf 89' lang='lat' dir='ltr'><strong>jam</strong></span> <span class='ocrx_word' id='word_1_115' title='bbox 820 2281 854 2336; x_wconf 90' lang='lat' dir='ltr'><strong>et</strong></span> <span class='ocrx_word' id='word_1_116' title='bbox 872 2268 1066 2336; x_wconf 88' lang='lat' dir='ltr'><strong>nominatim</strong></span> <span class='ocrx_word' id='word_1_117' title='bbox 1081 2281 1291 2361; x_wconf 85' lang='lat' dir='ltr'><strong>exposcente,</strong></span> <span class='ocrx_word' id='word_1_118' title='bbox 1303 2281 1443 2336; x_wconf 88' lang='lat' dir='ltr'><strong>armatos</strong></span> 
     </span>
     <span class='ocr_line' id='line_1_17' title="bbox 421 2386 1447 2480; baseline -0.002 -26"><span class='ocrx_word' id='word_1_119' title='bbox 421 2411 483 2480; x_wconf 91' lang='lat' dir='ltr'><strong>pro</strong></span> <span class='ocrx_word' id='word_1_120' title='bbox 495 2387 655 2456; x_wconf 89' lang='lat' dir='ltr'><strong>concione</strong></span> <span class='ocrx_word' id='word_1_121' title='bbox 666 2387 778 2479; x_wconf 88' lang='lat' dir='ltr'><strong>jurare</strong></span> <span class='ocrx_word' id='word_1_122' title='bbox 787 2388 822 2456; x_wconf 90' lang='lat' dir='ltr'><strong>in</strong></span> <span class='ocrx_word' id='word_1_123' title='bbox 834 2412 953 2456; x_wconf 89' lang='lat' dir='ltr'><strong>nomen</strong></span> <span class='ocrx_word' id='word_1_124' title='bbox 972 2411 1068 2456; x_wconf 89' lang='lat' dir='ltr'><strong>suum</strong></span> <span class='ocrx_word' id='word_1_125' title='bbox 1079 2409 1192 2480; x_wconf 87' lang='lat' dir='ltr'><strong>passus</strong></span> <span class='ocrx_word' id='word_1_126' title='bbox 1203 2400 1266 2474; x_wconf 90' lang='lat' dir='ltr'><strong>est;</strong></span> <span class='ocrx_word' id='word_1_127' title='bbox 1282 2386 1447 2480; x_wconf 89' lang='lat' dir='ltr'><strong>promisit·</strong></span> 
     </span>
     <span class='ocr_line' id='line_1_18' title="bbox 420 2504 1445 2600; baseline -0.001 -27"><span class='ocrx_word' id='word_1_128' title='bbox 420 2529 485 2598; x_wconf 89' lang='lat' dir='ltr'><strong>que</strong></span> <span class='ocrx_word' id='word_1_129' title='bbox 497 2504 634 2600; x_wconf 86' lang='lat' dir='ltr'><strong>singulis</strong></span> <span class='ocrx_word' id='word_1_130' title='bbox 647 2506 747 2598; x_wconf 90' lang='lat' dir='ltr'><strong>quina</strong></span> <span class='ocrx_word' id='word_1_131' title='bbox 760 2505 843 2574; x_wconf 86' lang='lat' dir='ltr'><strong>dena</strong></span> <span class='ocrx_word' id='word_1_132' title='bbox 860 2507 1021 2591; x_wconf 87' lang='lat' dir='ltr'><strong>sestertia,</strong></span> <span class='ocrx_word' id='word_1_133' title='bbox 1033 2506 1159 2599; x_wconf 88' lang='lat' dir='ltr'><strong>primus</strong></span> <span class='ocrx_word' id='word_1_134' title='bbox 1172 2507 1340 2576; x_wconf 76' lang='lat' dir='ltr'><strong>cesarum</strong></span> <span class='ocrx_word' id='word_1_135' title='bbox 1351 2505 1445 2574; x_wconf 86' lang='lat' dir='ltr'><strong>fidem</strong></span> 
     </span>
     <span class='ocr_line' id='line_1_19' title="bbox 423 2621 1093 2718; baseline 0.003 -26"><span class='ocrx_word' id='word_1_136' title='bbox 423 2621 536 2692; x_wconf 89' lang='lat' dir='ltr'><strong>militis</strong></span> <span class='ocrx_word' id='word_1_137' title='bbox 554 2626 653 2692; x_wconf 91' lang='lat' dir='ltr'><strong>etiam</strong></span> <span class='ocrx_word' id='word_1_138' title='bbox 670 2626 803 2718; x_wconf 79' lang='lat' dir='ltr'><strong>praemio</strong></span> <span class='ocrx_word' id='word_1_139' title='bbox 817 2625 1017 2718; x_wconf 86' lang='lat' dir='ltr'><strong>pigneratus.</strong></span> <span class='ocrx_word' id='word_1_140' title='bbox 1090 2659 1093 2666; x_wconf 56' lang='grc'><em>’</em></span> 
     </span>
    </p>

    <p class='ocr_par' dir='ltr' id='par_1_3' title="bbox 421 2741 1461 3432">
     <span class='ocr_line' id='line_1_20' title="bbox 467 2741 1449 2838; baseline -0.003 -26"><span class='ocrx_word' id='word_1_141' title='bbox 467 2747 527 2812; x_wconf 86' lang='lat' dir='ltr'><strong>XI.</strong></span> <span class='ocrx_word' id='word_1_142' title='bbox 554 2744 697 2836; x_wconf 88' lang='lat' dir='ltr'><strong>Imperio</strong></span> <span class='ocrx_word' id='word_1_143' title='bbox 715 2741 875 2829; x_wconf 89' lang='lat' dir='ltr'><strong>stabilito,</strong></span> <span class='ocrx_word' id='word_1_144' title='bbox 892 2742 974 2811; x_wconf 93' lang='lat' dir='ltr'><strong>nihil</strong></span> <span class='ocrx_word' id='word_1_145' title='bbox 988 2745 1156 2836; x_wconf 90' lang='lat' dir='ltr'><strong>antiquius</strong></span> <span class='ocrx_word' id='word_1_146' title='bbox 1174 2743 1284 2831; x_wconf 82' lang='lat' dir='ltr'><strong>duxit,</strong></span> <span class='ocrx_word' id='word_1_147' title='bbox 1298 2768 1404 2838; x_wconf 85' lang='lat' dir='ltr'><strong>quam</strong></span> <span class='ocrx_word' id='word_1_148' title='bbox 1417 2741 1449 2810; x_wconf 91' lang='lat' dir='ltr'><strong>id</strong></span> 
     </span>
     <span class='ocr_line' id='line_1_21' title="bbox 421 2860 1450 2956; baseline 0 -26"><span class='ocrx_word' id='word_1_149' title='bbox 421 2861 577 2949; x_wconf 89' lang='lat' dir='ltr'><strong>biduum,</strong></span> <span class='ocrx_word' id='word_1_150' title='bbox 602 2860 732 2954; x_wconf 87' lang='lat' dir='ltr'><strong>quode</strong></span> <span class='ocrx_word' id='word_1_151' title='bbox 761 2860 922 2930; x_wconf 84' lang='lat' dir='ltr'><strong>mutando</strong></span> <span class='ocrx_word' id='word_1_152' title='bbox 941 2861 1126 2956; x_wconf 79' lang='lat' dir='ltr'><strong>reipublicse</strong></span> <span class='ocrx_word' id='word_1_153' title='bbox 1152 2877 1238 2932; x_wconf 85' lang='lat' dir='ltr'><strong>statu</strong></span> <span class='ocrx_word' id='word_1_154' title='bbox 1258 2863 1450 2931; x_wconf 81' lang='lat' dir='ltr'><strong>haesitatum</strong></span> 
     </span>
     <span class='ocr_line' id='line_1_22' title="bbox 421 2981 1456 3074; baseline 0.002 -27"><span class='ocrx_word' id='word_1_155' title='bbox 421 2995 509 3066; x_wconf 90' lang='lat' dir='ltr'><strong>erat,</strong></span> <span class='ocrx_word' id='word_1_156' title='bbox 523 2981 687 3048; x_wconf 77' lang='lat' dir='ltr'><strong>memoriae</strong></span> <span class='ocrx_word' id='word_1_157' title='bbox 707 2981 857 3049; x_wconf 86' lang='lat' dir='ltr'><strong>eximere.</strong></span> <span class='ocrx_word' id='word_1_158' title='bbox 869 2983 1026 3050; x_wconf 86' lang='lat' dir='ltr'><strong>Omnium</strong></span> <span class='ocrx_word' id='word_1_159' title='bbox 1041 2983 1151 3074; x_wconf 90' lang='lat' dir='ltr'><strong>itaque</strong></span> <span class='ocrx_word' id='word_1_160' title='bbox 1164 2982 1329 3052; x_wconf 87' lang='lat' dir='ltr'><strong>factorum</strong></span> <span class='ocrx_word' id='word_1_161' title='bbox 1348 2982 1456 3050; x_wconf 92' lang='lat' dir='ltr'><strong>dicto-</strong></span> 
     </span>
     <span class='ocr_line' id='line_1_23' title="bbox 422 3099 1456 3196; baseline -0.001 -28"><span class='ocrx_word' id='word_1_162' title='bbox 422 3122 562 3190; x_wconf 85' lang='lat' dir='ltr'><strong>rumque</strong></span> <span class='ocrx_word' id='word_1_163' title='bbox 575 3099 609 3166; x_wconf 91' lang='lat' dir='ltr'><strong>in</strong></span> <span class='ocrx_word' id='word_1_164' title='bbox 623 3123 663 3167; x_wconf 90' lang='lat' dir='ltr'><strong>eo</strong></span> <span class='ocrx_word' id='word_1_165' title='bbox 675 3101 803 3168; x_wconf 88' lang='lat' dir='ltr'><strong>veniam</strong></span> <span class='ocrx_word' id='word_1_166' title='bbox 815 3113 847 3168; x_wconf 91' lang='lat' dir='ltr'><strong>et</strong></span> <span class='ocrx_word' id='word_1_167' title='bbox 860 3099 1059 3170; x_wconf 89' lang='lat' dir='ltr'><strong>oblivionem</strong></span> <span class='ocrx_word' id='word_1_168' title='bbox 1070 3101 1104 3170; x_wconf 94' lang='lat' dir='ltr'><strong>in</strong></span> <span class='ocrx_word' id='word_1_169' title='bbox 1115 3116 1313 3196; x_wconf 90' lang='lat' dir='ltr'><strong>perpetuum</strong></span> <span class='ocrx_word' id='word_1_170' title='bbox 1330 3102 1456 3184; x_wconf 80' lang='lat' dir='ltr'><strong>sanxit,</strong></span> 
     </span>
     <span class='ocr_line' id='line_1_24' title="bbox 422 3218 1458 3314; baseline 0 -28"><span class='ocrx_word' id='word_1_171' title='bbox 422 3241 460 3286; x_wconf 92' lang='lat' dir='ltr'><strong>ac</strong></span> <span class='ocrx_word' id='word_1_172' title='bbox 492 3218 663 3309; x_wconf 78' lang='lat' dir='ltr'><strong>praestitit3</strong></span> <span class='ocrx_word' id='word_1_173' title='bbox 684 3219 824 3310; x_wconf 84' lang='lat' dir='ltr'><strong>tribunis</strong></span> <span class='ocrx_word' id='word_1_174' title='bbox 848 3219 946 3289; x_wconf 91' lang='lat' dir='ltr'><strong>modo</strong></span> <span class='ocrx_word' id='word_1_175' title='bbox 966 3244 1004 3288; x_wconf 90' lang='lat' dir='ltr'><strong>ac</strong></span> <span class='ocrx_word' id='word_1_176' title='bbox 1030 3220 1277 3290; x_wconf 88' lang='lat' dir='ltr'><strong>centurionibus</strong></span> <span class='ocrx_word' id='word_1_177' title='bbox 1292 3222 1458 3314; x_wconf 88' lang='lat' dir='ltr'><strong>paucise</strong></span> 
     </span>
     <span class='ocr_line' id='line_1_25' title="bbox 423 3335 1461 3432; baseline -0.001 -28"><span class='ocrx_word' id='word_1_178' title='bbox 423 3336 672 3428; x_wconf 90' lang='lat' dir='ltr'><strong>conjuratorum</strong></span> <span class='ocrx_word' id='word_1_179' title='bbox 701 3337 735 3406; x_wconf 90' lang='lat' dir='ltr'><strong>in</strong></span> <span class='ocrx_word' id='word_1_180' title='bbox 761 3339 878 3409; x_wconf 89' lang='lat' dir='ltr'><strong>Caium</strong></span> <span class='ocrx_word' id='word_1_181' title='bbox 912 3363 1048 3408; x_wconf 89' lang='lat' dir='ltr'><strong>nurnero</strong></span> <span class='ocrx_word' id='word_1_182' title='bbox 1075 3340 1273 3426; x_wconf 86' lang='lat' dir='ltr'><strong>interemtis,</strong></span> <span class='ocrx_word' id='word_1_183' title='bbox 1303 3335 1461 3432; x_wconf 81' lang='lat' dir='ltr'><strong>exempli</strong></span> 
     </span>
    </p>
   </div>
   <div class='ocr_carea' id='block_1_3' title="bbox 420 3453 1477 4149">
    <p class='ocr_par' dir='ltr' id='par_1_4' title="bbox 420 3453 1477 4149">
     <span class='ocr_line' id='line_1_26' title="bbox 422 3453 1464 3554; baseline 0.002 -32"><span class='ocrx_word' id='word_1_184' title='bbox 422 3453 518 3524; x_wconf 91' lang='lat' dir='ltr'><strong>simul</strong></span> <span class='ocrx_word' id='word_1_185' title='bbox 532 3480 645 3542; x_wconf 89' lang='lat' dir='ltr'><strong>causa,</strong></span> <span class='ocrx_word' id='word_1_186' title='bbox 665 3470 698 3526; x_wconf 92' lang='lat' dir='ltr'><strong>et</strong></span> <span class='ocrx_word' id='word_1_187' title='bbox 716 3456 805 3550; x_wconf 92' lang='lat' dir='ltr'><strong>quod</strong></span> <span class='ocrx_word' id='word_1_188' title='bbox 826 3482 918 3526; x_wconf 87' lang='lat' dir='ltr'><strong>suam</strong></span> <span class='ocrx_word' id='word_1_189' title='bbox 932 3483 1064 3552; x_wconf 90' lang='lat' dir='ltr'><strong>quoque</strong></span> <span class='ocrx_word' id='word_1_190' title='bbox 1081 3457 1207 3527; x_wconf 80' lang='lat' dir='ltr'><strong>caedem-</strong></span> <span class='ocrx_word' id='word_1_191' title='bbox 1215 3457 1464 3554; x_wconf 86' lang='lat' dir='ltr'><strong>depoposcisse</strong></span> 
     </span>
     <span class='ocr_line' id='line_1_27' title="bbox 423 3575 1468 3672; baseline 0.002 -30"><span class='ocrx_word' id='word_1_192' title='bbox 423 3589 634 3668; x_wconf 85' lang='lat' dir='ltr'><strong>cognoverat.</strong></span> <span class='ocrx_word' id='word_1_193' title='bbox 649 3577 835 3645; x_wconf 90' lang='lat' dir='ltr'><strong>Conversus</strong></span> <span class='ocrx_word' id='word_1_194' title='bbox 849 3576 927 3645; x_wconf 91' lang='lat' dir='ltr'><strong>hinc</strong></span> <span class='ocrx_word' id='word_1_195' title='bbox 937 3575 978 3644; x_wconf 89' lang='lat' dir='ltr'><strong>ad</strong></span> <span class='ocrx_word' id='word_1_196' title='bbox 992 3577 1097 3646; x_wconf 90' lang='lat' dir='ltr'><strong>officia</strong></span> <span class='ocrx_word' id='word_1_197' title='bbox 1116 3579 1262 3670; x_wconf 88' lang='lat' dir='ltr'><strong>pietatis,</strong></span> <span class='ocrx_word' id='word_1_198' title='bbox 1279 3579 1468 3672; x_wconf 87' lang='lat' dir='ltr'><strong>jusjuran-</strong></span> 
     </span>
     <span class='ocr_line' id='line_1_28' title="bbox 423 3691 1469 3792; baseline 0.004 -32"><span class='ocrx_word' id='word_1_199' title='bbox 423 3691 502 3761; x_wconf 90' lang='lat' dir='ltr'><strong>dum</strong></span> <span class='ocrx_word' id='word_1_200' title='bbox 517 3719 623 3786; x_wconf 90' lang='lat' dir='ltr'><strong>neque</strong></span> <span class='ocrx_word' id='word_1_201' title='bbox 638 3696 781 3764; x_wconf 88' lang='lat' dir='ltr'><strong>sanctius</strong></span> <span class='ocrx_word' id='word_1_202' title='bbox 791 3696 869 3783; x_wconf 89' lang='lat' dir='ltr'><strong>sibi,</strong></span> <span class='ocrx_word' id='word_1_203' title='bbox 886 3720 991 3788; x_wconf 90' lang='lat' dir='ltr'><strong>neque</strong></span> <span class='ocrx_word' id='word_1_204' title='bbox 1003 3696 1157 3784; x_wconf 91' lang='lat' dir='ltr'><strong>crebrius,</strong></span> <span class='ocrx_word' id='word_1_205' title='bbox 1168 3697 1340 3786; x_wconf 88' lang='lat' dir='ltr'><strong>instituit,</strong></span> <span class='ocrx_word' id='word_1_206' title='bbox 1360 3721 1469 3792; x_wconf 89' lang='lat' dir='ltr'><strong>quam</strong></span> 
     </span>
     <span class='ocr_line' id='line_1_29' title="bbox 420 3813 1474 3907; baseline 0.003 -27"><span class='ocrx_word' id='word_1_207' title='bbox 420 3837 485 3907; x_wconf 85' lang='lat' dir='ltr'><strong>per</strong></span> <span class='ocrx_word' id='word_1_208' title='bbox 499 3813 704 3906; x_wconf 82' lang='lat' dir='ltr'><strong>Augustum.</strong></span> <span class='ocrx_word' id='word_1_209' title='bbox 732 3813 822 3882; x_wconf 78' lang='lat' dir='ltr'>Aviae</span> <span class='ocrx_word' id='word_1_210' title='bbox 847 3813 950 3882; x_wconf 83' lang='lat' dir='ltr'><strong>Liviae</strong></span> <span class='ocrx_word' id='word_1_211' title='bbox 977 3815 1105 3882; x_wconf 91' lang='lat' dir='ltr'><strong>divinos</strong></span> <span class='ocrx_word' id='word_1_212' title='bbox 1130 3814 1298 3904; x_wconf 90' lang='lat' dir='ltr'><strong>honores,</strong></span> <span class='ocrx_word' id='word_1_213' title='bbox 1346 3833 1384 3888; x_wconf 87' lang='lat' dir='ltr'><strong>et</strong></span> <span class='ocrx_word' id='word_1_214' title='bbox 1412 3819 1474 3886; x_wconf 90' lang='lat' dir='ltr'><strong>cir-</strong></span> 
     </span>
     <span class='ocr_line' id='line_1_30' title="bbox 423 3933 1476 4030; baseline 0.007 -30"><span class='ocrx_word' id='word_1_215' title='bbox 423 3935 510 4004; x_wconf 92' lang='lat' dir='ltr'><strong>censi</strong></span> <span class='ocrx_word' id='word_1_216' title='bbox 537 3957 659 4028; x_wconf 90' lang='lat' dir='ltr'><strong>pompa</strong></span> <span class='ocrx_word' id='word_1_217' title='bbox 684 3957 818 4002; x_wconf 89' lang='lat' dir='ltr'><strong>currum</strong></span> <span class='ocrx_word' id='word_1_218' title='bbox 847 3933 1115 4029; x_wconf 85' lang='lat' dir='ltr'><strong>elephantorum,</strong></span> <span class='ocrx_word' id='word_1_219' title='bbox 1146 3937 1349 4030; x_wconf 83' lang='lat' dir='ltr'><strong>Augustino</strong></span> <span class='ocrx_word' id='word_1_220' title='bbox 1378 3937 1476 4006; x_wconf 87' lang='lat' dir='ltr'><strong>simi·</strong></span> 
     </span>
     <span class='ocr_line' id='line_1_31' title="bbox 424 4050 1477 4149; baseline 0.007 -31"><span class='ocrx_word' id='word_1_221' title='bbox 424 4050 502 4137; x_wconf 88' lang='lat' dir='ltr'><strong>lem,</strong></span> <span class='ocrx_word' id='word_1_222' title='bbox 519 4052 722 4124; x_wconf 84' lang='lat' dir='ltr'><strong>decernenda</strong></span> <span class='ocrx_word' id='word_1_223' title='bbox 743 4054 888 4140; x_wconf 86' lang='lat' dir='ltr'><strong>curavit;</strong></span> <span class='ocrx_word' id='word_1_224' title='bbox 910 4056 1100 4148; x_wconf 90' lang='lat' dir='ltr'><strong>parentibus</strong></span> <span class='ocrx_word' id='word_1_225' title='bbox 1125 4053 1255 4124; x_wconf 87' lang='lat' dir='ltr'><strong>inferias</strong></span> <span class='ocrx_word' id='word_1_226' title='bbox 1280 4057 1477 4149; x_wconf 80' lang='lat' dir='ltr'><strong>publicas,</strong></span> 
     </span>
    </p>
   </div>
   <div class='ocr_carea' id='block_1_4' title="bbox 0 0 1567 5446">
    <p class='ocr_par' dir='ltr' id='par_1_5' title="bbox 0 0 1567 5446">
     <span class='ocr_line' id='line_1_32' title="bbox 0 0 1567 5446; baseline 0 0"><span class='ocrx_word' id='word_1_227' title='bbox 0 0 1567 5446; x_wconf 95' lang='lat' dir='ltr'><strong> </strong></span> 
     </span>
    </p>
   </div>
  </div>
 </body>
</html>
