3168 5440
378 563 382 572 .
429 524 481 584 rho
885 512 1001 569 NOTAE

375 651 376 655 ¹
424 630 476 688 ubi
489 629 627 686 sedebant
639 629 756 704 equites.
773 628 831 684 Cic.
848 629 890 682 ad
903 628 1005 694 Fam,
1025 645 1061 696 x,
1078 627 1113 684 3²
1126 645 1133 680 :
1148 624 1346 682 «Histrionem
1355 641 1462 680 summo

424 721 559 778 ludorum
567 720 614 778 die
632 724 739 778 annulo
748 740 836 778 aureo
851 722 882 778 in
896 718 1114 796 quatuordecim
1126 737 1232 774 sessum
1245 717 1375 774 deduxit
1385 741 1398 768 ι

464 829 522 884 Per
533 827 714 882 orchestram.
735 829 887 884 Orchestra
900 837 961 882 erat
979 827 1054 881 inter
1067 825 1169 880 theatri
1189 822 1294 901 gradus
1315 823 1388 879 imos
1403 843 1411 878 ε
1425 823 1463 879 ibi

423 918 559 976 sedebant
578 929 730 975 senatores.
744 919 819 975 Vide
832 920 976 989 Vtraov„
991 937 1024 986 ι,
1039 937 1065 987 7.

464 1013 610 1068 Pmducto.
626 1013 648 1067 1.
668 1029 693 1067 e.
713 1012 856 1086 ampliato.

442 1114 445 1124 '
466 1117 580 1190 Euripo.
598 1115 740 1191 Euripus,
760 1117 835 1172 lbssa
854 1115 971 1192 iugens,
996 1133 1052 1190 qna
1077 1113 1206 1187 undique
1225 1113 1394 1190 cingebatur
1407 1113 1463 1169 cir-

425 1227 482 1264 cus.
504 1208 590 1279 l’liu.,
611 1210 647 1264 H.
671 1209 727 1280 N.‚
746 1227 822 1280 vm,
842 1227 857 1279 7
881 1228 888 1263 :
912 1233 923 1258 α
939 1206 1067 1281 Pompeii
1081 1209 1169 1262 altero
1186 1208 1335 1264 consulatu
1351 1223 1463 1283 pugna-

424 1319 491 1357 vere
510 1302 541 1356 in
565 1300 642 1357 circo
661 1300 762 1378 viginti
783 1299 933 1375 elephanti.
956 1298 1087 1355 Universi
1113 1299 1291 1372 eruptionem
1321 1309 1465 1356 tentavere

423 1411 483 1449 non
491 1394 551 1450 sine
559 1392 711 1450 vexatione
724 1393 827 1468 populi
841 1391 1007 1466 circumdati
1017 1391 1130 1447 clathris
1143 1391 1248 1446 ferreis.
1260 1395 1324 1463 Qua
1332 1391 1370 1448 de
1384 1410 1465 1448 causa

424 1487 515 1541 Cesar
528 1485 668 1556 dictator,
686 1495 786 1560 postea
805 1484 894 1540 §mile
910 1485 1102 1558 spectaculum
1119 1483 1262 1554 editurus,
1276 1484 1384 1558 euripis
1401 1503 1465 1540 are·

423 1593 489 1632 nam
505 1576 725 1633 circumdedit.»

463 1668 645 1723 Desultorios.
655 1671 867 1724 -Desultores
880 1678 978 1736 erant,
997 1667 1049 1741 qui
1066 1667 1180 1723 duobus
1198 1666 1279 1741 equis
1294 1666 1402 1739 junctis
1414 1686 1465 1722 ve-

423 1759 462 1814 cti
473 1759 545 1816 mira
553 1759 704 1816 velocitate
716 1760 753 1816 ab
771 1779 831 1816 uno
840 1760 871 1815 in
880 1762 999 1816 alterum
1015 1759 1216 1816 transiliebant.
1230 1757 1305 1815 Vide
1314 1761 1465 1829 Rouana,

424 1849 454 1906 in
474 1852 564 1908 (ἔνων.
583 1851 684 1919 Thea,
705 1870 752 1922 rx,
769 1869 824 1922 72²
843 1861 872 1907 et
889 1851 1040 1922 740.1nde
1061 1871 1068 1905 ε
1090 1855 1156 1926 equi
1171 1853 1324 1906 cles-alconi.

469 1955 593 2026 ijam.
611 1957 758 2036 ‘'.T'⁰s“
767 1997 776 2023 ‚
798 1956 884 2013 ludus
903 1957 1041 2032 equestris
1056 1975 1229 2030 puerorum,
1248 1974 1335 2028 quem
1357 1956 1465 2013 descri-

424 2048 727 2125 bitVirgil.‚AEner'd.,
748 2069 783 2119 v,
802 2047 945 2116 545-602.
965 2050 1066 2118 Hunc,
1084 2066 1175 2121 quum
1189 2066 1268 2121 paene
1281 2048 1465 2118 exolevisset,

425 2143 516 2197 Cesar
533 2140 678 2196 restituit:
695 2160 730 2198 ex
748 2141 798 2196 illo
817 2152 947 2216 tempore
962 2143 1059 2196 Rornae
1072 2140 1206 2213 frequens
1225 2138 1286 2194 fuit.

468 2233 647 2288 Venationes.
673 2232 748 2289 Vide
773 2251 875 2308 supra,
898 2253 926 2289 x.
949 2231 1212 2308 camelopardalum
1234 2231 1344 2304 primus
1370 2233 1465 2289 Rome

426 2323 529 2380 eodem
550 2335 678 2398 tempore
694 2324 830 2380 exhibuit.
850 2328 948 2396 Pura„
967 2327 1002 2379 H.
1019 2325 1069 2396 tt,
1082 2343 1154 2396 un,
1177 2342 1223 2380 ιο.

464 2417 568 2472 Martii
584 2417 687 2490 canapi.
709 2417 810 2474 Circus
823 2417 898 2474 enim
911 2417 972 2472 aliis
985 2417 1103 2472 ludicris
1116 2427 1269 2491 occupatus
1288 2427 1359 2474 erat

463 2525 500 2578 ln
520 2524 629 2578 minore
647 2523 763 2580 Codeta.
787 2523 911 2592 Codeta,
931 2541 1045 2596 campus
1063 2534 1123 2578 erat
1141 2534 1217 2579 trans
1234 2522 1371 2579 Tiberim.
1392 2524 1464 2578 Nar-

423 2614 500 2684 din,
522 2617 600 2670 dom.
617 2627 690 2682 vet,
708 2634 769 2686 vu,
783 2634 810 2672 ι.
829 2617 871 2672 Ει
888 2615 1047 2671 Casaubon.
1060 2635 1067 2670 ε
1080 2616 1174 2670 minor
1186 2615 1294 2672 Codeta
1316 2625 1345 2671 et
1363 2614 1463 2685 major,

422 2705 462 2761 sic
480 2709 645 2780 appellatae,
658 2717 691 2762 ut
706 2708 861 2764 Velabrum
879 2708 971 2778 muJits
987 2717 1015 2762 et
1033 2707 1143 2774 mrbus,
1161 2718 1248 2782 atque
1261 2707 1316 2763 alia
1327 2706 1359 2762 in
1368 2707 1463 2763 eadem

423 2799 502 2854 urbe.

468 2893 562 2963 Tyrioe
580 2905 607 2948 et
621 2897 775 2969 AEgyptiae.
796 2892 926 2968 lntelligc
948 2917 960 2941 α
973 2891 1010 2947 ad
1023 2907 1133 2947 morem
1154 2890 1307 2968 Tyriorum
1328 2902 1360 2947 et
1377 2894 1465 2968 Egy-

423 2982 551 3060 ptiornm
570 2983 744 3042 instructae„

461 3075 618 3133 Manerent.
633 3078 668 3134 Η,
688 3097 711 3132 e.
732 3087 951 3152 pernoctarent,
965 3089 998 3132 ut
1013 3078 1070 3134 Cic.
1088 3077 1130 3131 ad
1145 3081 1223 3143 Arc,
1242 3093 1279 3145 x,
1302 3082 1336 3142 al
1353 3095 1360 3130 :
1377 3076 1466 3131 «ser-

421 3165 483 3220 vius
497 3166 590 3238 pridie
608 3187 698 3226 nonas
716 3169 782 3226 maii
798 3169 952 3226 Minturnis
965 3169 1097 3225 mansisse
1117 3167 1229 3224 dicitur.
1247 3191 1259 3216 υ

463 3271 530 3326 Cae.
546 3273 608 3328 XL.
619 3275 726 3329 Festos.
738 3277 774 3331 A.
789 3276 825 3332 U.
841 3275 913 3346 708,
927 3275 991 3348 ipso
1001 3293 1038 3328 ιιι
1056 3293 1126 3330 coss.
1143 3285 1172 3329 et
1184 3276 1226 3328 Μ.
1235 3272 1349 3346 Lepido
1363 3291 1467 3330 nicos.

421 3362 464 3416 De
493 3362 546 3417 hac
573 3366 751 3422 correctione
770 3367 839 3424 vide
858 3369 916 3425 Jos.
936 3367 1111 3436 Scantiana,
1133 3367 1224 3420 Diotr.
1247 3366 1283 3420 de
1310 3365 1466 3421 Emendat.

421 3465 528 3527 temp,
547 3474 594 3525 ιι,
610 3456 701 3513 initio.

460 3561 637 3633 Pontificum.
659 3565 693 3620 ln
713 3583 794 3638 quos·¹
804 3575 975 3638 potestatem
989 3565 1193 3619 transtulemut
1211 3562 1418 3634 intercalandi3
1442 3574 1470 3618 et

420 3651 470 3724 qui
489 3652 607 3728 licenter
625 3654 815 3730 gratificantes
834 3656 1055 3729 publicanorum
1078 3657 1122 3710 vel
1142 3653 1313 3730 litigantium
1332 3673 1469 3710 commo-

420 3743 482 3814 dis,
499 3746 537 3802 ad
551 3747 701 3802 arbitrium
715 3767 799 3804 suum
812 3748 1017 3804 subtrahebant
1031 3758 1159 3820 tempora
1172 3748 1217 3802 vel
1230 3746 1382 3822 augebant.
1391 3746 1471 3803 Vide

419 3837 497 3906 Cro,
514 3839 552 3894 de
568 3841 656 3912 Lege,
678 3859 720 3910 ιι,
746 3859 799 3911 ιι,
823 3843 978 3910 Macron,
1004 3840 1115 3894 Salam.
1130 3857 1160 3910 1,
1183 3845 1234 3910 ¹43
1254 3839 1414 3909 Cornan,
1434 3840 1472 3893 de

424 3926 706 4004 Vetjurepontifieo,
725 3951 755 4003 r,
770 3951 815 3987 ιι.

462 4031 546 4090 Solis.
560 4036 656 4104 Quum
671 4036 708 4091 ad
723 4039 799 4093 lunae
815 4055 930 4096 cursum
945 4039 1024 4092 illum
1039 4037 1278 4094 accommodasset
1292 4037 1397 4092 Numa.

415 4199 418 4206 .
461 4126 693 4183 Accommodavit.
705 4129 842 4206 Sosigene
849 4130 944 4205 perito
953 4130 1038 4204 hujus
1052 4129 1120 4186 artis
1134 4128 1276 4201 adhibito,
1290 4147 1473 4204 quamquam
