3168 5440
448 540 488 594 ru
510 540 540 594 e.
564 540 589 596 J.
611 539 806 596 casinen.
1098 542 1152 616 139

118 675 128 711 1
153 674 162 710 t
177 679 189 703 ι
204 653 276 714 Belli
292 671 398 712 nomeu
410 655 578 728 ponendum
591 655 622 714 in
634 656 772 713 sententia
789 655 907 730 quidam
921 675 981 712 non
996 657 1155 730 putabant,

114 747 264 804 tuinultum
273 747 416 822 appellare
431 748 589 819 molebant,
600 748 692 826 ignari
709 767 768 804 non
782 749 872 805 modo
882 768 979 805 rerum
988 791 997 823 ,
1006 749 1154 810 sedaliam

113 835 301 894 verborum.»
1177 907 1183 924 .

150 936 255 1006 Agros.
276 932 383 988 Partim
407 933 552 1005 publicos,
576 932 680 1007 partim
702 950 787 1002 suos3
812 932 886 1002 Dio,
911 951 992 1002 anu,
1009 951 1039 1007 p.
1069 951 1153 990 ato:

115 1030 201 1101 Χάριν
213 1033 242 1084 ia
259 1051 287 1084 rt
305 1039 348 1092 τῆς
361 1027 495 1102 δημοσίας,
508 1032 551 1086 uni
565 1034 592 1086 lu
605 1041 649 1094 τῆς
662 1035 757 1111 laurei.

149 1127 216 1184 Non
238 1129 389 1186 mntrbuos.
409 1131 449 1185 Ut
474 1128 560 1186 Sicul.
583 1130 713 1200 Flaccus,
729 1131 766 1184 de
787 1128 894 1185 Condi.
913 1148 1048 1205 agrotum
1066 1149 1076 1184 .·
1092 1153 1105 1186 s
1119 1131 1152 1186 ln

112 1219 206 1276 multis
223 1220 389 1296 regionibus
405 1221 609 1295 comperimus,
626 1220 766 1295 quosdam
781 1239 956 1294 possessores
977 1240 1038 1278 nou
1059 1221 1154 1278 couti-

112 1331 181 1370 uuas
195 1311 239 1389 (b.
254 1331 278 1368 e.
292 1332 352 1370 nou
369 1311 555 1391 coherentes)
567 1313 674 1372 babere
691 1325 789 1371 terras.
807 1335 819 1364 ι

151 1417 308 1474 Pollicitus.
327 1421 361 1490 ᾼ.
381 1420 417 1475 U.
434 1416 507 1490 705,
521 1437 612 1493 quum
625 1421 746 1476 Romam
760 1417 901 1488 venisset,
917 1417 1001 1492 pulso
1018 1435 1055 1474 ex
1073 1416 1154 1474 Italia

114 1512 369 1657 possddidiubnem.
379 1603 415 1658 H.
426 1620 450 1658 e.
460 1619 583 1659 annuam
595 1603 777 1677 pensionem,
793 1621 856 1676 quae
870 1601 1056 1658 habitationis
1070 1618 1153 1658 causa

111 1692 256 1766 penditur.
275 1693 428 1766 Martialis,
442 1713 470 1764 ι,
491 1712 543 1769 29,
560 1695 601 1750 3:

217 1892 352 1906 .......
365 1855 412 1906 Sed
424 1855 502 1906 necui
514 1855 598 1922 pendo
610 1865 661 1906 tou
674 1854 726 1906 tuit.

150 2013 285 2087 Epulum.
312 2015 369 2070 Pro
398 2012 588 2089 gratulatione
603 2013 738 2069 victorin.
758 2014 846 2084 Plin,
870 2014 976 2084 M,
994 2032 1061 2085 xiv,
1083 2033 1115 2084 ¹7
1147 2032 1154 2068 ι

112 2130 124 2154 α
136 2103 238 2176 Quid?
255 2123 317 2161 non
345 2115 373 2161 et
390 2106 481 2162 Cesar
498 2104 622 2162 dictator
645 2104 784 2179 triumphi
803 2105 847 2161 sni
864 2123 945 2162 coeua
964 2105 1024 2160 vini
1042 2105 1155 2163 Falerni

112 2178 279 2270 ampliores,
297 2196 361 2256 Chii
381 2196 468 2256 cados
489 2198 519 2254 in
538 2197 668 2254 convivia
695 2195 861 2254 distribuit?
884 2197 960 2253 idem
976 2197 1155 2272 Hispaniensi

111 2288 258 2364 triumpho
270 2289 373 2346 Chium
386 2295 414 2346 et
430 2291 581 2347 Falernum
595 2290 694 2362 dedit3
708 2291 796 2364 epulo
813 2307 884 2345 vero
900 2289 931 2346 in
947 2289 1033 2345 tertio
1049 2309 1154 2346 consu-

112 2382 169 2437 latu
187 2401 241 2438 suo
268 2383 433 2454 Falernum,
452 2382 572 2454 Chium,
595 2382 747 2454 Lesbium,
765 2381 986 2452 Mamertinum,
1006 2400 1066 2457 quo
1091 2382 1155 2458 pri-

111 2491 187 2529 mum
203 2483 334 2548 ternpore
352 2485 479 2549 quatuor
494 2493 599 2552 genera
616 2474 676 2530 vini
694 2473 824 2549 apposita
838 2484 957 2530 constat.
974 2497 986 2524 s

155 2566 385 2626 fumonem.
405 2569 441 2624 Η.
458 2585 482 2623 e.
499 2567 595 2624 nudie
614 2567 707 2624 carnis
725 2566 965 2624 distributionem.
985 2565 1064 2635 Liu,
1081 2583 1154 2637 rur,

114 2675 149 2714 aa
165 2677 173 2712 τ
187 2660 330 2732 «Populo
341 2658 492 2716 visceratio
508 2660 574 2716 data
594 2677 610 2716 a
628 2662 668 2716 M.
684 2659 786 2716 Fluvio
799 2659 831 2714 in
843 2658 945 2714 funere
957 2657 1092 2713 matris„
1149 2677 1150 2680 ¹

148 2751 216 2808 Car.
240 2752 385 2808 XXXIX.
408 2753 509 2808 Ludos.
532 2753 642 2826 Nempe
674 2750 802 2807 scenicos
829 2769 836 2804 :
861 2759 1049 2824 opponuntur
1075 2748 1151 2805 enim

113 2841 300 2901 Circensibus.
425 2867 431 2882 ·

150 2949 335 3025 segionum
345 2951 381 3007 E
396 2968 420 3006 c.
430 2967 483 3024 per
496 2967 594 3006 omnes
602 2947 690 3005 Urbis
697 2946 934 3023 regionesQuum
942 2947 1040 3002 Romae
1052 2963 1154 3022 magna

114 3039 195 3113 copia
213 3049 276 3098 erat
292 3040 439 3097 bominum
462 3060 497 3097 ex
519 3039 651 3096 omnibus
672 3037 784 3112 imperii
805 3037 973 3112 provinciis,
993 3039 1099 3108 Cesar,
1122 3045 1156 3092 ut

113 3131 246 3188 omnibus
259 3131 481 3209 gratificaretur,
496 3131 648 3189 histriones
661 3130 788 3187 omnium
798 3129 960 3206 linguarum
975 3128 1114 3185 adhibuit.

154 3223 348 3294 Psnbudam.
366 3225 484 3282 Saltatio
503 3225 557 3281 fnit
574 3223 716 3300 pedestris
732 3233 839 3279 armata
849 3242 856 3277 :
866 3232 950 3301 χοριία
964 3232 986 3282 li
1001 3230 1051 3290 τοῖς
1063 3229 1155 3293 ὅπλοις,

115 3316 248 3388 Jonas„
265 3317 364 3385 Orat,
384 3337 407 3373 1.

151 3421 299 3478 Laberius.
318 3423 448 3480 Macrob.
470 3423 601 3490 Sarum,
622 3441 660 3491 ιι,
679 3443 718 3494 7:
740 3419 931 3491 «Laberium,
945 3437 1049 3493 asperae
1064 3417 1155 3474 liber-

116 3511 181 3567 tatis
193 3513 319 3588 equitem
331 3533 455 3587 roman,
466 3516 558 3571 Caesar
567 3513 731 3590 quingentis
747 3512 871 3567 millibus
884 3510 1030 3578 invitavit,
1040 3519 1072 3566 ut
1084 3529 1156 3584 pro-

113 3603 188 3660 diret
207 3605 238 3660 in
256 3623 386 3679 menam,
405 3617 433 3664 ct
452 3606 513 3682 ipsc
534 3617 631 3684 ageret
652 3605 771 3675 mirum,
789 3623 863 3680 quos
881 3602 1094 3685 scriptitabat.»
1113 3603 1156 3656 De

112 3695 483 3769 Laberiimimisfflorat„
502 3699 561 3754 Sat.
582 3717 613 3771 1,
635 3716 691 3753 ro:

219 3864 249 3912 lit
259 3861 345 3912 Laberi
355 3861 442 3912 mmor
468 3871 496 3914 ut
508 3861 611 3930 pulchra
624 3870 734 3929 poenus
746 3861 828 3912 mirer.

158 4016 273 4073 Sessum.
293 4019 328 4075 fl.
345 4038 369 4076 e.
385 4029 418 4074 ut
435 4019 553 4076 sederet.

160 4123 192 4176 ln
213 4127 427 4198 quatuoniecim.
447 4127 482 4181 H.
508 4145 532 4181 e.
552 4125 770 4200 quatuordecim
799 4123 931 4194 ordincs,
954 4121 1011 4177 sive
1033 4123 1157 4198 gradus,
