3108 5434
544 1263 701 1282 ...ο-

109 1573 130 1637 l.
157 1515 349 1645 parntem
374 1601 455 1670 gens
482 1577 622 1647 Claudia
645 1578 728 1676 (fuit
749 1581 837 1647 enim
861 1593 894 1646 et
915 1575 978 1646 alia
1000 1575 1147 1672 plebeia,

110 1717 163 1761 nec
180 1696 333 1787 potentia
353 1697 479 1786 minor,
500 1723 560 1767 nec
579 1697 759 1794 dignitate)
777 1712 852 1767 orta
868 1713 917 1767 est
935 1722 975 1766 ex
994 1695 1148 1792 Regillis,

108 1813 227 1907 oppido
248 1815 461 1886 Sabinorum.
484 1817 568 1886 Inde
590 1823 732 1888 Romam
753 1843 866 1888 recens
885 1818 1052 1887 conditam
1071 1841 1147 1886 cum

107 1957 221 2027 magna
235 1933 410 2005 clientium
425 1962 525 2008 manu
540 1939 786 2033 commigravit,
800 1953 936 2008 auctore
943 1939 1021 2007 Tito
1033 1939 1147 2024 Tatio,

107 2069 257 2126 musone
273 2055 430 2147 Romuli,
450 2057 520 2147 vel,
537 2058 629 2153 quod
649 2061 753 2154 magis
772 2074 921 2143 constat,
945 2061 1023 2128 Atta
1046 2055 1147 2127 Clau·

107 2174 173 2263 dio,
186 2177 298 2269 gentis
316 2179 486 2282 principe,
505 2195 580 2274 post
596 2205 692 2274 reges
703 2195 836 2248 exactos
850 2193 942 2248 sexto
958 2177 1025 2246 lere
1042 2201 1147 2265 anno,

105 2297 291 2388 apatribus
314 2299 347 2365 in
372 2300 526 2392 patricias
551 2313 715 2393 cooptata.
743 2302 870 2393 Agrum
898 2279 1034 2391 insuper
1056 2309 1147 2367 trans

106 2419 262 2486 Anienem
286 2417 484 2505 clientibus,
507 2419 689 2514 locumque
708 2420 771 2488 sibi
795 2419 838 2488 ad
862 2417 1066 2513 sepulturam
1085 2419 1147 2486 sub

104 2537 270 2631 Capitolio
281 2537 413 2632 publioe
425 2541 561 2634 accepit.
577 2542 759 2635 Deinceps,
772 2539 970 2634 procedente
983 2553 1146 2632 temporo,

105 2655 352 2752 duodetriginta
366 2658 574 2749 consulatus,
597 2660 777 2730 dictaturas
801 2659 966 2753 quinque,
990 2661 1146 2727 censuras

103 2793 246 2871 septem,
269 2779 456 2874 triumphos
478 2795 622 2875 septem,
643 2781 726 2850 duas
744 2781 931 2866 ovationes,
951 2779 1069 2872 adepta
1087 2793 1145 2846 est.

102 2899 212 2985 Quum
233 2901 496 2993 praenominibus
512 2902 833 2996 cognominibusque
851 2899 948 2968 variis
966 2899 1148 2992 distingue·

103 3033 209 3106 retur,
231 3021 330 3088 Lucii
354 3045 544 3116 praenomen
565 3047 727 3091 consensu
747 3020 953 3116 repudiavit,
971 3033 1146 3114 postquam

101 3140 269 3209 eduobus
288 3139 485 3234 gentilibus,
507 3142 653 3237 praeditis
670 3168 730 3230 eo,
749 3141 832 3211 alter
850 3141 1030 3228 latrocinii,
1050 3139 1147 3208 caedis

100 3258 181 3330 alter
205 3263 382 3330 convictus
409 3277 468 3330 est.
494 3265 587 3332 luter
608 3265 806 3358 cognomina
823 3275 932 3331 autem
950 3276 983 3330 et
1003 3262 1150 3332 Neronis

101 3383 271 3466 assumsit,
282 3405 352 3474 quo
361 3365 691 3478 significaturlingua
699 3384 821 3452 Sabina
829 3383 924 3452 sortis
933 3408 971 3451 ac
979 3395 1143 3450 strenuus.

145 3506 191 3571 Π.
204 3499 317 3570 Multa
325 3501 510 3570 multorum
521 3501 740 3572 Claudiorum
749 3504 882 3598 egregia
894 3505 1026 3591 merita,
1039 3499 1145 3569 multa

100 3625 200 3692 etiam
218 3647 316 3692 secus
329 3621 470 3691 admissa
485 3623 518 3690 in
534 3622 772 3718 rempublicam
787 3637 926 3692 exstant.
942 3621 1007 3692 Sed
1019 3636 1056 3690 ut
1069 3647 1147 3715 prae·

99 3747 200 3838 cipua
212 3767 487 3834 commemorem,
504 3745 634 3838 Appius
648 3746 762 3814 Caecus
780 3745 969 3813 societatem
984 3767 1060 3811 cum
1070 3766 1147 3834 rege

99 3865 247 3958 Pyrrho,
274 3879 313 3933 ut
338 3888 457 3958 parum
486 3861 672 3953 salubrem,
702 3865 779 3933 iniri
800 3861 962 3934 dissuasit.
988 3860 1146 3932 Claudius

98 3985 243 4056 caudex
269 3987 413 4080 primus,
432 3984 516 4054 freto
538 3982 639 4053 classe
656 3986 811 4078 trajecto,
829 3989 948 4052 Poenos
965 3981 1075 4051 Sicilia
1091 4007 1146 4050 ex·

99 4105 200 4199 pulit.
218 4103 379 4176 Claudius
400 4107 491 4176 Nero
512 4104 740 4174 advenientem
762 4132 801 4174 ex
821 4104 1073 4198 Hispaniarum
1094 4106 1145 4171 in·
