3114 5446
513 544 708 600 caucum
1074 562 1125 620 ¹97

99 669 228 738 tertium
249 667 401 740 contulit.
426 669 570 738 Incitato
588 683 691 761 equo,
708 667 802 760 cujus
821 689 920 736 causa
939 665 1046 760 pridie
1062 671 1126 738 cir-

99 812 228 876 censes,
247 813 290 856 ne
308 789 563 882 inquietaretur,
583 787 712 856 vicinia
734 784 903 856 silentium
922 781 982 881 per
1003 785 1126 858 milites

100 905 240 976 indicere
260 906 401 996 solebat,
416 921 533 1002 praeter
550 905 658 1000 equile
673 929 913 992 marmoreum,
929 919 963 974 et
982 931 1128 1002 praesepe

100 1025 299 1112 eburneum,
316 1041 498 1121 preterque
516 1049 684 1120 purpurea
702 1038 913 1118 tegumenta,
931 1049 970 1094 ac
990 1025 1128 1096 monilia

101 1147 289 1239 egemmis,
304 1145 444 1238 'domurn
460 1145 579 1230 etiam,
596 1158 629 1212 et
647 1139 826 1228 familiam,
841 1157 875 1212 et
894 1141 1128 1236 supellectilem

101 1263 205 1351 dedit,
230 1287 300 1358 quo
320 1263 442 1334 lautius
470 1264 604 1332 nomine
628 1263 698 1356 ejus
720 1262 850 1330 invitati
870 1262 1098 1356 acciperentur
1120 1289 1129 1332 ε

102 1380 307 1452 consulatum
323 1403 455 1476 quoque
474 1381 616 1452 traditur
632 1380 822 1450 destinasse.

141 1477 231 1572 LVI.
260 1505 313 1571 Ita
337 1501 554 1572 bacchantem
582 1515 683 1594 atque
703 1514 906 1595 grassantem
932 1527 1001 1571 non
1023 1502 1130 1574 defuit

100 1620 260 1715 plerisque
279 1623 410 1690 animus
433 1620 567 1690 adoriri.
593 1621 661 1690 Sed
682 1645 748 1689 una
770 1619 938 1714 alteraque
959 1626 1130 1718 conspira-

101 1743 183 1810 tione
197 1740 345 1829 detecta,
358 1739 430 1810 aliis
445 1765 504 1835 per
518 1741 663 1835 inopiam
679 1742 862 1810 occasionis
875 1745 1128 1831 cunctantibus,

101 1861 161 1929 duo
179 1859 359 1930 consilium
377 1861 723 1945 communicaverunt,
742 1859 1017 1955 perfeceruntque
1034 1889 1042 1931 ε
1060 1889 1128 1933 non

101 1981 164 2048 sine
184 1981 388 2050 conscientia
405 1980 711 2074 potentissimorum
729 1978 940 2068 libertorum,
960 1982 1129 2075 praesecto·

100 2124 237 2194 rumque
258 2100 425 2194 praetorii3
445 2099 534 2193 quod
551 2101 613 2193 ipsi
627 2123 780 2193 quoque,
795 2101 857 2169 etsi
877 2099 976 2190 falso,
997 2102 1032 2170 in
1048 2127 1130 2196 qua·

101 2217 170 2286 dam
197 2211 430 2312 conjuratione
450 2220 543 2312 quasi
565 2221 742 2313 participes
760 2221 940 2308 nominati,
959 2236 1127 2316 suspectos

102 2353 204 2406 umen
226 2363 261 2406 se
282 2353 315 2406 et
330 2339 453 2406 invisos
472 2338 668 2408 sentiebant.
689 2340 777 2410 Nam
795 2353 829 2406 et
847 2342 959 2408 statim
983 2341 1128 2411 seductis

99 2481 250 2551 magnam
280 2457 359 2526 fecit
390 2457 574 2546 invidiam,
604 2457 760 2528 destricto
794 2456 903 2552 gladio
932 2458 1130 2547 affirmans,

100 2593 246 2671 «sponte
264 2601 301 2646 se
324 2579 531 2669 periturum,
549 2578 577 2644 si
595 2591 630 2644 et
652 2574 716 2644 illis
734 2591 839 2644 morte
860 2576 979 2669 dignus
997 2577 1129 2646 videre-

100 2711 151 2766 tur
166 2725 175 2767 :
193 2728 212 2764 s
233 2723 295 2767 nec
313 2698 458 2766 cessavit
470 2721 509 2766 ex
529 2721 569 2766 eo
592 2697 760 2764 criminari
784 2694 925 2764 alterum
944 2694 1062 2780 alteri,
1077 2712 1130 2766 at·

98 2841 160 2909 que
173 2819 262 2886 inter
279 2841 314 2886 se
333 2821 447 2886 omnes
467 2815 685 2884 committere.
702 2815 821 2916 Quum!
837 2810 1013 2906 placuisset
1033 2814 1130 2884 Pala·

98 2937 173 3004 tinis
189 2935 279 3004 ludis
293 2933 482 3029 spectaculo
498 2957 665 3027 egressum
682 2933 819 3000 meridie
835 2932 988 3027 aggredi,
1004 2935 1130 3027 primas

98 3055 159 3124 sibi
182 3070 296 3150 partes
320 3055 454 3122 Cassius
476 3053 633 3138 Chaerea,
655 3051 810 3120 tribunus
838 3051 983 3119 cohortis
1011 3067 1131 3147 praeto·-

97 3176 173 3259 riae,
191 3175 388 3268 depoposcit
405 3199 413 3240 :
429 3196 527 3266 quem
544 3173 644 3242 Caius
660 3172 823 3240 seniorem
836 3171 924 3264 jam,
941 3186 979 3239 ut
994 3170 1129 3240 mollem

97 3309 128 3362 et
157 3295 387 3363 effeminatum
414 3291 572 3361 denotare
599 3293 690 3359 omni
717 3291 842 3385 probro
870 3305 1069 3379 consuerat,
1099 3306 1132 3360 et

96 3413 218 3502 modo,
243 3415 377 3508 signum
400 3413 542 3506 petenti,
569 3416 736 3508 Priapum
762 3425 819 3478 aut
844 3410 1005 3484 Venerem
1029 3410 1129 3499 dare,

96 3534 221 3621 modo,
252 3559 293 3603 ex
310 3531 436 3624 aliqua
466 3541 563 3600 causa
595 3531 706 3624 agenti
739 3531 884 3624 gratias,
917 3527 1131 3600 osculandam

96 3677 233 3723 manum
250 3653 389 3740 offerre,
404 3650 578 3720 formatam
599 3664 867 3742 commotamque
884 3652 919 3718 in
938 3652 1130 3720 obscoenum

95 3771 244 3842 modum.

144 3897 250 3961 LVII.
262 3897 399 3962 Futurae
412 3891 509 3960 caedis
521 3888 626 3960 multa
638 3889 789 3985 prodigia
802 3891 1006 3960 exstiterunt.
1019 3887 1134 3982 Olym·

92 4013 162 4104 piae
184 4011 396 4080 simulacrum
415 4013 524 4096 lovis,
545 4011 637 4103 quod
653 4009 788 4078 dissolvi
808 4007 1046 4101 transferrique
1065 4012 1134 4078 Ro-

94 4153 191 4198 mam
213 4129 401 4223 placuerat,
419 4145 548 4230 tautum
569 4130 767 4199 cachinnum
792 4144 927 4222 repente
944 4127 1069 4216 edidit,
1095 4142 1133 4195 ut
