3098 5446
556 544 672 602 OTHO.
1024 601 1030 612 ,
1110 563 1142 612 ¹7

98 697 195 758 num,
214 685 249 740 et
267 671 431 740 minorem
453 671 607 740 Marcum
629 669 867 765 cognominem
891 669 966 738 sibi.
992 669 1084 740 Tulit
1110 687 1145 740 et

98 791 215 880 filiam,
236 815 338 885 quam
360 788 498 858 vixdum
521 787 670 859 nubilem
687 792 819 874 Druso,
838 791 1031 860 Germanici
1052 789 1143 880 filio,

97 911 282 1008 despondit.

142 1037 187 1104 Π.
206 1033 299 1104 Otho
319 1033 502 1127 imperator
521 1056 558 1102 ιν
575 1031 731 1101 kalendas
750 1033 851 1100 maias
868 1047 968 1102 uatus
987 1048 1058 1120 est,
1078 1036 1145 1104 Ca·

96 1152 187 1223 millo
198 1153 379 1238 Arruntio,
389 1152 541 1224 Domitio
550 1152 757 1239 AEnobarbo,
776 1151 981 1223 consulibus.
995 1158 1022 1224 Α
1034 1155 1145 1249 prima

96 1273 319 1344 adolescentia
335 1271 498 1368 prodigus
516 1297 555 1342 ac
577 1297 721 1366 procax,
739 1271 843 1362 adeo,
862 1288 900 1342 ut
923 1297 1010 1368 saepe
1030 1274 1144 1370 flagris

96 1397 332 1490 objurgaretur
349 1418 369 1462 a
387 1407 491 1487 patre.
513 1393 699 1462 Ferebatur
718 1408 751 1462 et
767 1395 880 1488 vagari
898 1395 1053 1465 noctibus
1068 1395 1145 1464 soli-

95 1531 165 1604 tus,
178 1530 279 1609 atque
291 1511 474 1584 invalidum
489 1537 657 1607 quemque
672 1513 849 1583 obviorum
863 1513 915 1584 vel
930 1514 1143 1610 potulentum

94 1637 283 1732 corripere,
305 1660 344 1705 ac
366 1635 514 1704 distento
543 1659 623 1730 sago
649 1637 843 1731 impositum
869 1639 904 1706 iu
928 1637 1070 1708 sublime
1088 1639 1143 1732 ja-

94 1773 195 1826 ctare.
222 1760 303 1826 Post
326 1757 431 1852 patris
456 1755 578 1824 deiude
604 1771 766 1844 mortem,
789 1755 979 1828 libertinam
1000 1759 1144 1830 aulicam

1 1935 2 1943 ,
94 1880 294 1972 gratiosam,
309 1900 378 1971 quo
391 1854 558 1946 efficacius
571 1874 719 1964 coleret,
737 1878 838 1945 etiam
855 1877 995 1973 diligere
1011 1881 1146 1953 simula·

93 2001 162 2085 vit,
181 1999 335 2092 quamvis
353 2021 455 2066 anum
472 2022 511 2066 ac
530 2021 624 2092 paeue
640 1996 857 2090 decrepitam.
879 2001 944 2070 Per
954 2001 1045 2072 -hauc
1063 2005 1144 2074 insi-

93 2119 382 2205 unatus'Neroni,
401 2115 495 2186 facile
519 2141 689 2185 summum
708 2118 798 2188 inter
815 2120 942 2190 amicos
961 2120 1074 2193 locum
1094 2141 1144 2196 te-

93 2240 171 2309 nuit
193 2239 412 2334 congruentia
432 2261 582 2340 morqm3
603 2252 640 2306 ut
665 2261 746 2306 vero
768 2238 906 2333 quidam
931 2243 1093 2331 tradunt,
1111 2265 1146 2318 et

92 2359 337 2430 consuetudine
356 2358 464 2427 mutui
479 2359 588 2452 stupri
607 2383 616 2426 ε
637 2382 677 2428 ac
694 2372 825 2428 tantum
845 2364 996 2456 potentia
1017 2364 1144 2454 valuit,

92 2498 132 2552 ut
148 2479 550 2576 damnatum'repetuudis
563 2477 772 2590 consularem
789 2483 915 2568 virum,
927 2485 1046 2580 ingens
1060 2513 1146 2583 prae-

1 2613 2 2622 ’
93 2605 199 2674 mium
219 2617 354 2698 pactus,
374 2603 467 2697 prius
483 2625 584 2696 quam
598 2599 698 2695 plane
720 2603 1016 2675 restitutionem-ei
1034 2609 1142 2702 impe·

93 2738 233 2812 trasset,
260 2749 328 2792 non
353 2722 514 2820 dubitarit
539 2723 574 2791 iu
598 2737 751 2790 senatum
779 2723 822 2810 ad
849 2725 994 2818 agendas
1020 2731 1164 2822 gratias

90 2844 319 2916 introducere.

141 2970 204 3038 111.
221 2969 384 3037 Omnium
397 2980 508 3038 autem
521 2955 736 3038 consiliorum
754 2977 1025 3067 secretorumque
1042 2978 1146 3068 parti·

88 3113 190 3184 ceps,
213 3087 286 3176 die,
304 3113 404 3183 quem
424 3089 580 3158 necandae
603 3091 703 3158 matri
725 3092 816 3166 Nero
838 3090 1083 3184 destinaverat,
1102 3097 1146 3167 ad

85 3209 291 3280 avertendas
318 3210 527 3306 suspiciones
558 3235 686 3279 coeuaur
715 3214 850 3306 utrique
882 3216 1146 3308 exquisitissimas

85 3332 263 3402 comitatis
287 3329 390 3400 dedit.
413 3334 701 3426 ,ItemPoppaeam
728 3333 903 3421 Sabinam,
930 3350 1011 3405 tuuc
1036 3339 1146 3409 adhuc

83 3455 238 3522 amicam
257 3453 350 3546 ejus,
369 3450 549 3520 abductam
572 3454 713 3540 marito,
736 3453 1039 3550 demandatamque
1056 3459 1145 3529 iute-

82 3575 156 3642 rim
173 3573 260 3660 sibi,
278 3577 473 3666 nuptiarum
491 3575 601 3666 specie
615 3575 748 3667 recepit.
770 3577 842 3644 Nec
860 3549 1048 3669 corrupisse
1066 3603 1147 3648 cou-

80 3711 226 3782 tentus,
253 3694 336 3764 adeo
359 3693 493 3780 dilexit,
520 3711 558 3763 ut
582 3720 625 3764 ne
650 3695 787 3765 rivalem
813 3697 955 3790 quidem
975 3701 1146 3770 Neronem

78 3841 189 3911 aequo
207 3814 323 3886 tulerit
337 3817 459 3884 animo.
478 3815 636 3885 Creditur
654 3830 743 3884 certe
760 3841 830 3885 nou
849 3817 951 3887 modo
964 3819 1088 3888 'missos
1103 3819 1146 3888 ad

76 3935 325 4006 arcessendam
344 3961 413 4004 uon
428 3937 613 4031 recepisse,
635 3936 692 4005 sed
711 3937 822 4031 ipsum
843 3939 944 4008 etiam
966 3938 1146 4010 exclusisse
1185 3945 1187 3950 ’

76 4056 265 4152 quondam
284 4082 346 4151 pro
369 4055 497 4126 foribus
517 4057 723 4145 adstantem,
742 4060 1005 4153 miscentemque
1019 4059 1146 4132 frustra

74 4182 202 4248 minas
220 4193 253 4246 et
266 4203 402 4276 preces,
417 4202 456 4248 ae
473 4176 661 4272 depositum
682 4194 922 4274 reposcentem.
942 4181 1073 4269 Quare,
1093 4182 1144 4251 di·

245 4323 281 4368 u.
979 4329 998 4370 n
