3114 5446
413 531 468 592 ,οῆ
818 515 850 574 C.¹
864 517 1037 575 sttuuotul

412 649 524 736 Livia,
548 643 629 740 quid
656 642 768 736 nepoti
794 655 851 708 tuo
865 641 998 710 Tiberio
1021 639 1208 710 faciendum
1237 659 1322 715 esset
1345 645 1432 720 ludis

414 765 633 840 Martialibus.
661 761 835 833 Consensit
856 747 960 830 ruteni
980 775 1118 856 uterque
1142 777 1308 856 nostrum,
1332 759 1433 839 semel

414 889 511 958 nobis
522 909 592 956 esse
603 879 832 968 statuendum,
845 880 926 972 quod
938 881 1113 951 consilium
1127 883 1161 951 in
1175 882 1232 954 illo
1245 911 1433 980 sequamur.

413 1010 502 1078 Nam
520 1006 546 1074 si
565 1017 614 1072 est
631 993 753 1092 ἄρτιος,
769 1013 822 1088 et,
836 1017 866 1066 ut
878 1001 924 1068 ita
937 999 1059 1092 dicam,
1073 995 1250 1094 ὁλέκληρος,
1269 1006 1350 1099 quid
1367 1023 1435 1096 est,

416 1125 506 1220 quod
525 1123 729 1211 dubitemus,
755 1121 836 1213 quin
859 1143 909 1213 ler
936 1121 1068 1190 eosdem
1087 1122 1243 1193 articulos
1259 1140 1293 1194 et
1311 1126 1435 1221 gradus

418 1241 652 1340 producendus
673 1240 732 1328 sit,
755 1261 816 1332 per
831 1260 903 1330 qius
919 1238 1028 1311 frater.
1043 1241 1113 1335 ejus
1139 1241 1318 1338 productus
1347 1246 1435 1316 suit?

336 1427 345 1444 ,
417 1368 476 1436 Sin
495 1379 605 1434 autem
636 1354 845 1448 ἠλαπῶσθαι
874 1361 1021 1429 entimus
1038 1385 1125 1448 eum,
1146 1371 1200 1432 aul
1216 1354 1436 1454 deducio-lar,

418 1493 472 1555 acal
490 1491 532 1562 εἰς
551 1479 608 1570 ssia
623 1479 676 1550 roi
694 1471 852 1571 σώματος,
872 1486 913 1548 acl
930 1485 971 1557 ala
983 1477 1038 1567 asia
1054 1478 1109 1568 τῆς
1127 1479 1237 1579 ψυχῆς
1255 1478 1437 1574 apariente,

419 1605 596 1701 praebenda
622 1602 758 1670 materia
785 1598 943 1668 deridmdi
973 1613 1007 1669 et
1032 1599 1126 1669 illum
1143 1617 1176 1671 et
1206 1628 1265 1673 nos
1288 1631 1357 1674 nou
1386 1621 1438 1674 est

420 1722 625 1810 hominibus,
649 1719 690 1790 sai
708 1716 836 1789 τοιαῦτα
854 1711 990 1790 calesso
1008 1729 1062 1790 acal
1077 1727 1270 1812 μυκτηρίζειν
1290 1717 1435 1797 stabiae.

419 1847 506 1914 Nam
532 1866 659 1934 semper
683 1838 892 1908 aestuabimus
916 1841 942 1908 si
966 1839 1006 1908 de
1024 1839 1162 1935 singulis
1182 1841 1331 1911 articulis
1350 1859 1436 1912 tem·

422 1988 541 2058 porum
558 1953 885 2047 deliberabimus,u›i
897 1969 1132 2052 uodaoaealposaoa
1143 1962 1232 2052 ἡμῖν,
1251 1987 1346 2056 posse
1358 1988 1436 2032 cum

422 2107 534 2177 gerere
546 2081 687 2148 honores
701 2079 976 2166 arbitremur,nec
995 2105 1047 2148 ne.
1064 2083 1103 2150 Iu
1120 2082 1292 2174 praesentia
1308 2097 1436 2168 tameo,

423 2202 543 2296 quibus
562 2199 722 2268 derebus
741 2195 902 2284 consulis,
916 2221 1016 2268 unare
1032 2223 1108 2268 eum
1119 2201 1212 2270 cudis
1226 2200 1438 2272 Martialibus

424 2319 606 2392 triclinium
625 2316 850 2402 sacerdotum,
871 2341 932 2385 nor
943 2319 1093 2413 displicet
1111 2319 1222 2406 nobis,
1241 2321 1269 2388 si
1287 2335 1337 2389 est
1360 2345 1439 2415 pas·

425 2466 537 2530 surus,
566 2463 601 2508 se
618 2439 659 2507 ab
680 2436 783 2506 Silani
802 2436 885 2523 filio,
900 2437 1020 2508 bonine
1039 2440 1101 2508 sibi
1119 2441 1225 2528 affini,
1243 2441 1438 2530 admoueri,

425 2586 467 2630 ne
483 2560 564 2654 quid
578 2558 695 2646 saciat,
710 2556 801 2652 quod
813 2557 946 2649 conspic
957 2574 990 2628 et
1002 2559 1145 2628 derideri
1158 2562 1272 2654 possit.
1282 2564 1441 2654 Spectare

425 2705 501 2750 eum
515 2680 675 2748 circenses
692 2699 732 2744 ex
748 2659 927 2770 pulvinari,
947 2701 997 2747 nu
1014 2677 1121 2772 placet
1139 2680 1242 2772 nobis.
1259 2681 1439 2774 Expositus

426 2797 569 2868 enimin
595 2798 702 2891 prima
728 2795 837 2863 fronte
870 2794 1115 2886 spectculorum
1140 2799 1367 2892 conspicietur.
1396 2803 1438 2867 In

429 2917 591 2988 Albanum
610 2927 759 2982 montem
785 2915 833 2981 ire
853 2937 944 3000 eum,
963 2937 1013 2985 ton
1037 2914 1145 3010 placet
1163 2918 1273 3006 uobis,
1291 2931 1348 2985 aut
1364 2913 1457 2986 esse

427 3041 540 3105 Romae
551 3035 747 3103 Latinarum
760 3031 885 3100 diebus.
896 3034 966 3100 Cur
975 3035 1049 3104 raim
1065 3061 1132 3105 non
1146 3037 1322 3130 praeficitur
1333 3035 1441 3120 Urbi,

429 3157 456 3224 si
474 3169 582 3250 potest
593 3153 726 3222 fratrem
743 3177 838 3221 suum
850 3153 941 3245 sequi
955 3153 1152 3224 innantem?
1173 3157 1279 3226 Habes
1296 3169 1442 3243 nostras,

430 3299 502 3343 mea
530 3275 638 3358 Livia,
665 3273 856 3362 sententias,
881 3273 991 3366 quibua
1009 3275 1116 3371 placet
1130 3275 1229 3346 semel
1253 3275 1294 3344 de
1312 3289 1383 3344 tota
1401 3301 1442 3344 re

430 3393 554 3487 aliquid
574 3394 746 3482 constitui,
759 3418 800 3461 ne
817 3417 945 3487 semper
965 3393 1034 3466 incr
1051 3421 1142 3492 spem
1159 3411 1192 3465 et
1209 3411 1334 3465 metum
1352 3395 1442 3464 lluc·

431 3529 570 3582 tuemus.
582 3513 842 3598 Licebitautem,
859 3513 887 3580 si
897 3509 985 3581 voles
991 3518 1149 3600 ,latoniae
1168 3539 1301 3609 quoque
1317 3528 1446 3583 nostrae

430 3633 487 3702 des
502 3634 589 3703 haue
607 3647 733 3727 partem
749 3631 895 3725 epistolae
915 3633 1189 3730 hujus'egcndem.
1201 3663 1218 3698 a
1237 3639 1366 3704 Rursus
1388 3632 1443 3702 al-

432 3743 511 3823 te‘ris
538 3752 656 3821 litteris
679 3777 687 3820 ε
706 3751 899 3820 «Tiberium
915 3749 1136 3823 adolesentem
1155 3779 1217 3848 ego
1239 3778 1338 3838 vero,
1356 3753 1443 3821 dum

433 3887 469 3940 tu
488 3873 610 3950 aberis,
631 3869 778 3964 quotidie
792 3871 938 3941 invitabo
953 3870 994 3938 ad
1013 3895 1135 3962 cenam,
1160 3897 1202 3942 ne
1219 3872 1307 3941 solus
1333 3889 1445 3942 ooenet

433 4017 508 4060 cum
539 4016 598 4060 suo
627 3989 774 4083 Sulpicio
800 4003 833 4058 et
863 3989 1070 4062 Athenodoo.
1104 3995 1173 4083 Qui
1198 3990 1337 4081 vellem,
1367 3992 1446 4060 dili-

435 4113 562 4202 gentius
587 4125 619 4179 et
637 4111 746 4179 minus
770 4103 928 4199 μετεώρως
948 4108 1086 4202 deligant
1106 4114 1167 4182 sibi
1198 4109 1358 4204 aliquem,
1383 4138 1447 4181 cu-
