3168 5440
482 549 645 605 nonaru
667 549 768 606 vrrs.
1094 573 1145 611 η,

112 677 157 745 tui
177 675 258 762 sint,
281 697 380 767 quam
401 673 470 767 ipse
487 697 531 740 es.
551 671 615 741 Sed
632 673 658 739 si
676 671 733 738 tibi
754 685 878 766 statura
898 669 1007 758 deest,
1026 699 1146 768 corpu·

109 794 237 868 sculum
259 819 327 864 non
346 793 445 864 deest.
474 795 591 886 ltaque
617 790 728 860 licebit
750 792 784 858 in
803 790 979 861 sextariolo
1001 795 1148 884 scribas,

110 943 211 1011 quum
225 913 385 984 circuitus
405 911 583 981 voluminis
601 913 650 980 tui
669 911 710 979 sit
729 907 981 1001 ὀγκωὲἑστατος,
1000 914 1083 984 sicut
1099 906 1164 984 est'

111 1033 285 1105 ventriculi
306 1034 393 1102 tui.»

158 1158 210 1228 Ad
223 1181 274 1226 res
286 1179 443 1224 venereas
459 1155 734 1248 intemperantior
749 1155 902 1224 traditur.
917 1153 1018 1252 [Nam
1035 1183 1149 1253 specu·

110 1276 178 1346 lato
191 1273 347 1345 cubiculo
361 1287 470 1342 scorta
483 1273 604 1342 dicitur
624 1274 777 1343 habuisse
791 1275 971 1368 disposita,
990 1291 1042 1364 ut,
1063 1303 1148 1370 quo·

110 1421 241 1490 cunque
253 1393 462 1489 respexisset,
479 1393 525 1460 ibi
543 1393 573 1461 ei
590 1393 700 1488 imago
717 1395 824 1462 coitus
835 1393 1039 1494 referremu]
1056 1399 1149 1467 Vixit

111 1517 290 1612 plurimum
310 1515 345 1582 in
363 1537 491 1582 secessu
510 1513 596 1580 ruris
612 1515 664 1581 sui
682 1514 797 1582 Sabini
815 1529 871 1602 aut
887 1515 1075 1585 Tiburtini:
1090 1517 1148 1586 do·

110 1660 251 1729 musque
275 1633 346 1727 ejus
364 1632 551 1700 ostenditur
576 1633 664 1700 circa
689 1633 830 1701 Tiburni
856 1631 1015 1703 luculum.
1035 1640 1147 1706 Vene-

110 1771 190 1827 runt
207 1755 243 1823 in
257 1777 374 1821 manus
392 1775 480 1820 meas
500 1766 534 1820 et
555 1750 638 1846 elegi
655 1752 716 1820 sub
736 1752 807 1845 ejus
824 1751 943 1840 titulo,
961 1769 994 1824 ct
1011 1757 1149 1850 epistota

112 1901 210 1971 prosa
230 1874 399 1961 oratione,
420 1872 514 1965 quasi
535 1871 800 1940 commendantis
815 1897 850 1941 se
868 1876 1040 1944 Maecenati
1064 1903 1071 1945 :
1093 1877 1149 1946 sed

112 2012 253 2089 utraque
275 1989 356 2062 falsa
379 2004 472 2086 puto.
492 1992 578 2061 Nam
596 1989 679 2086 elegi
699 1990 870 2086 vulgares,
891 1994 1030 2086 epistola
1047 1998 1146 2066 etiam

112 2118 251 2186 obscura
274 2139 282 2181 :
306 2136 374 2205 quo
394 2111 475 2179 vitio
490 2111 628 2178 minime
647 2110 832 2180 tenebatur.
858 2114 964 2182 Natus
983 2130 1031 2184 est
1057 2132 1151 2186 sexto

113 2237 185 2306 idus
202 2231 409 2314 decembres,
425 2231 531 2298 Lucio
549 2233 669 2317 Cotta,
686 2244 719 2298 et
732 2231 836 2298 Lucio
860 2234 1052 2326 Torquato,
1071 2260 1154 2304 con-

113 2353 249 2424 sulibus.
267 2351 413 2421 Decessit
433 2349 551 2443 quinto
567 2347 722 2417 kalendas
739 2347 948 2438 decembres,
966 2355 1047 2423 Caio
1061 2358 1151 2423 Mar-

113 2479 163 2546 cio
186 2452 388 2558 Censorino,
408 2484 441 2538 et
467 2464 549 2539 Caio
569 2471 684 2539 Asinio
705 2468 825 2551 Gallo,
846 2470 1063 2561 consulibus,
1077 2495 1151 2568 post

113 2595 288 2689 septimum
307 2606 340 2659 et
361 2589 671 2684 quinquagesimum
693 2613 833 2678 annum,
853 2589 974 2659 herede
1001 2597 1152 2687 Augusto

115 2713 221 2810 palam
240 2724 455 2811 nuncupato,
479 2733 605 2802 quum,
626 2723 765 2802 urgente
781 2709 813 2775 vi
838 2707 1056 2796 valetudinis,
1084 2738 1150 2781 non

114 2833 279 2904 sufficeret
300 2829 343 2898 ad
370 2827 592 2922 obsignandas
613 2829 799 2896 testamenti
824 2826 961 2896 tabulas.
982 2829 1152 2900 Humatus

116 2969 148 3023 et
163 2949 318 3022 conditus
337 2962 385 3018 est
407 2949 563 3017 extremis
583 2945 756 3042 Esquiliis,
772 2949 865 3040 juxta
886 2927 1074 3018 Maecenmis
1096 2965 1151 3020 tu·

116 3072 251 3143 mulum.
