3114 5446
419 485 473 550 ¹94
825 475 854 528 C.
872 473 1050 530 stmmttn

418 603 495 690 bat,
511 623 550 670 ac
565 625 608 670 ne
626 601 678 670 bis
694 597 828 694 quidem
846 596 978 692 placida
992 598 1121 691 quiete,
1139 595 1196 666 sed
1217 597 1338 692 pavida
1359 599 1451 667 miris

416 745 529 792 rerum
548 720 768 815 imaginibus,
794 733 833 786 ut
857 718 915 810 qui
940 717 1026 786 inter
1046 731 1191 803 ceteras,
1215 713 1324 811 pelagi
1344 742 1452 812 quon·

417 839 494 910 dam
526 841 669 934 speciem
703 836 946 934 colloquentem
981 861 1093 906 secum
1126 836 1239 906 videre
1271 837 1362 908 visus
1398 839 1450 908 sit.

416 959 561 1052 Ideoque
578 981 698 1052 magna
719 971 814 1052 parte
833 957 940 1026 noctis
959 954 1079 1051 vigiliae
1099 955 1310 1050 cubandique
1329 956 1450 1046 taedio,

417 1103 506 1148 nunc
537 1093 611 1147 toro
643 1076 814 1161 residens,
849 1100 938 1144 nunc
969 1100 1031 1169 per
1063 1071 1269 1168 longissimas
1302 1079 1451 1170 porticus

416 1222 548 1292 vagus,
580 1197 736 1266 invocare
770 1195 951 1265 identidem
982 1209 1080 1288 atque
1117 1208 1306 1288 exspectare
1342 1193 1450 1266 lucem

416 1331 603 1388 consuerat.

465 1441 522 1509 LI.
543 1439 620 1508 Non
641 1437 805 1506 immerito
825 1435 944 1503 mentis
964 1431 1144 1503 valetudini
1168 1434 1376 1502 attribuerim
1400 1433 1450 1502 di-

415 1557 603 1626 versissima
627 1556 661 1624 in
685 1554 801 1624 eodem
821 1553 923 1640 vitia,
947 1575 1110 1622 summam
1136 1551 1391 1640 confidentiam,
1419 1568 1452 1622 et

417 1691 534 1745 contra
551 1675 691 1746 nimium
708 1687 842 1742 metum.
860 1673 946 1740 Nam
964 1672 1022 1765 qui
1039 1671 1118 1741 deos
1136 1685 1229 1740 tanto
1247 1695 1348 1766 opere
1372 1697 1451 1742 con·

416 1809 601 1881 temneret,
627 1793 670 1864 ad
696 1793 834 1862 minima
860 1793 1008 1862 tonitrua
1034 1805 1068 1859 et
1092 1787 1224 1886 fulgura
1250 1792 1450 1878 connivere,

417 1927 518 2008 caput
538 1911 734 2000 obvolvere,
751 1909 793 1978 ad
810 1933 889 1978 vero
908 1909 1034 2003 majora
1053 1910 1223 2004 proripere
1241 1933 1276 1978 se
1293 1933 1312 1978 e
1329 1924 1451 1996 strato,

343 2085 352 2104 t
418 2031 481 2101 sub
501 2031 687 2123 lectumque
708 2027 852 2098 condere
874 2024 1010 2099 solebat.
1029 2029 1296 2122 Peregrinatione
1315 2029 1451 2122 quidem

418 2148 589 2237 siciliensi,
608 2149 711 2216 irrisis
736 2145 920 2215 multorum
940 2145 1091 2216 locorum
1108 2146 1294 2234 miraculis,
1313 2129 1469 2242 repente

418 2272 616 2338 aMessana
649 2281 751 2335 noctu
779 2265 954 2360 profugit,
986 2267 1100 2334 AEtnaei
1125 2267 1257 2335 verticis
1290 2267 1382 2336 fumo
1414 2294 1453 2336 ac

420 2407 591 2458 murmure
611 2385 809 2482 pavefactus.
827 2385 997 2455 Adversus
1016 2385 1174 2456 barbaros
1195 2411 1329 2481 quoque
1346 2391 1454 2458 mina-

418 2509 587 2594 sissimus,
604 2531 708 2600 quum
725 2520 818 2575 trans
832 2505 985 2574 Rhenum
1006 2506 1092 2574 iuter
1110 2507 1278 2601 angustias
1297 2507 1453 2577 densum-

418 2651 484 2721 que
504 2651 622 2722 agmen
641 2627 704 2694 iter
727 2624 841 2694 essedo
860 2625 1001 2711 laceret,
1019 2624 1148 2693 dicente
1164 2624 1328 2719 quodam,
1349 2657 1367 2692 a
1382 2653 1453 2696 non

417 2746 616 2816 mediocrem
641 2743 712 2814 sore
735 2745 1056 2828 consternationem,
1075 2743 1210 2813 sicunde
1228 2744 1331 2815 hostis
1349 2771 1454 2840 appa·

417 2881 507 2955 reat,
520 2895 538 2930 o
557 2889 680 2958 equum
693 2862 781 2933 illico
796 2863 1009 2952 conscendit;
1024 2887 1063 2932 ac
1079 2889 1219 2958 propere
1243 2889 1392 2936 reversus
1409 2867 1453 2936 ad

418 2999 554 3078 pontes,
571 3001 610 3054 ut
626 3009 682 3054 eos
698 2983 870 3054 calonibus
888 2996 921 3052 et
937 2982 1179 3078 impedimentis
1199 2986 1338 3080 stipatos
1355 3013 1454 3082 repe-

419 3105 483 3188 rit,
499 3105 673 3197 impatiens
690 3127 812 3192 morte,
830 3127 890 3197 per
908 3128 1026 3172 manus
1044 3081 1199 3197 ac'super
1215 3107 1320 3198 capita
1341 3107 1455 3176 bomi-

420 3245 500 3290 num
521 3221 697 3290 translatus
715 3237 774 3292 est.
796 3226 876 3292 Mox
892 3223 1011 3310 etiam,
1031 3223 1142 3292 audita
1162 3209 1341 3295 rebellione
1363 3229 1455 3298 Ger-

420 3341 554 3426 maniae,
571 3341 682 3435 fugam
702 3356 735 3410 et
750 3342 895 3412 subsidia
910 3343 1015 3439 fugas,
1029 3343 1145 3414 classes
1163 3347 1360 3440 apparabat;
1381 3373 1454 3418 uno

419 3460 538 3530 solatio
552 3461 780 3553 acquiescens,
795 3465 1029 3532 transmarinas
1044 3479 1132 3534 certe
1145 3465 1207 3534 sibi
1223 3466 1456 3560 superfuturas

420 3582 627 3675 provincias,
651 3583 678 3650 si
706 3581 847 3651 victores
871 3581 1006 3677 Alpium
1028 3585 1130 3678 juga,
1158 3600 1196 3653 ut
1220 3586 1368 3676 Cimbri,
1398 3587 1454 3656 vel

419 3701 519 3769 etiam
533 3701 677 3790 Urbem,
698 3715 736 3770 ut
753 3705 900 3773 Senones
917 3701 1101 3796 quondam,
1120 3719 1341 3799 occuparent:
1360 3705 1455 3776 unde

419 3819 536 3908 credo,
553 3823 801 3915 percussoribus
818 3825 889 3917 ejus
908 3839 1019 3916 postea
1034 3822 1208 3893 consilium
1224 3839 1341 3894 natum
1360 3827 1455 3920 apud

419 3939 660 4012 tumultuantes
677 3941 796 4011 milites
815 3942 1035 4032 ementiendi,
1057 3946 1163 4038 ipsum
1186 3945 1248 4013 sibi
1265 3970 1386 4015 manus
1402 3948 1457 4014 in-

419 4057 549 4146 tulisse,
566 4063 690 4131 nuncio
708 4060 800 4131 malae
818 4087 937 4157 pugnae
953 4065 1174 4158 perterritum.
