3168 5440
494 555 741 616 DOMITIANUS.
1102 564 1139 619 63

109 687 228 754 honore
240 683 412 780 dignatus,
428 705 513 778 saepe
527 684 626 752 etiam
642 683 765 778 carpsit
779 679 921 778 obliquis
936 687 1143 777 orationibus

109 822 135 875 et
151 805 279 876 edictis.

148 929 209 996 111.
229 929 321 995 Inter
340 926 434 994 initia
460 926 685 1020 principatus,
704 925 861 1020 ¹quotidie
890 943 1053 1000 secretum
1080 927 1143 997 sibi

109 1051 263 1117 horarum
279 1071 409 1116 sumere
429 1045 569 1134 solebat,
586 1071 647 1116 nec
667 1048 846 1143 quicquam
867 1046 1024 1142 amplius,
1042 1071 1143 1143 quam

109 1195 231 1239 muscas
249 1183 399 1266 captare,
417 1194 455 1238 ac
473 1167 549 1239 stilo
563 1183 730 1265 praeacuto
747 1168 936 1266 configere:
956 1183 993 1239 ut
1008 1170 1142 1240 cuidam

108 1293 336 1387 interroganti,
350 1321 367 1356 e
381 1305 507 1361 essetne
520 1291 595 1386 quis
610 1292 701 1360 intus
717 1315 794 1362 cum
813 1294 956 1376 Caesare,
970 1321 987 1355 a
1007 1317 1073 1360 non
1090 1292 1146 1360 ab·

108 1412 200 1481 surde
224 1397 418 1506 responsum
442 1413 484 1482 sit
513 1437 533 1482 a
558 1413 659 1483 Vibio
678 1415 824 1508 Crispo:
848 1443 865 1478 e
881 1437 921 1481 ne
941 1438 1055 1482 rnusca
1072 1415 1145 1507 qui·
1186 1509 1188 1514 Ι

107 1534 186 1602 dem.
202 1561 222 1598 n
252 1533 381 1602 Deinde
401 1557 537 1602 uxorem
558 1535 761 1622 Domitiam,
785 1557 825 1603 ex
849 1557 916 1628 qua
941 1534 976 1602 in
998 1533 1145 1603 secundo

106 1679 160 1722 suo
178 1651 356 1724 consulatu
373 1652 480 1723 filium
498 1652 638 1740 tulerat,
658 1652 829 1747 alteroque
845 1678 934 1723 anno
957 1653 1145 1724 consaluta-

107 1788 194 1842 verat
206 1789 247 1843 ut
259 1777 459 1868 Augustam,
469 1773 634 1862 eamdem,
650 1775 778 1844 Paridis
788 1749 1078 1845 histrionicamocc
1089 1775 1146 1844 de·

105 1894 287 1986 perditam,
306 1893 508 1989 repudiavit,
528 1895 681 1988 intraque
697 1895 798 1964 breve
814 1907 944 1990 tempus
969 1895 1145 1991 impatiens

105 2011 251 2098 discidii,
264 2014 358 2107 quasi
382 2013 585 2109 efflagitante
607 2011 752 2109 populo,
767 2014 911 2084 reduxit.
934 2017 1031 2084 Circa
1045 2015 1147 2086 admi·

106 2135 333 2204 nistrationem
347 2149 458 2203 autem
471 2135 602 2228 imperii
612 2133 814 2227 aliquamdiu
829 2159 864 2204 se
879 2135 1008 2204 varium
1024 2137 1145 2230 presti-

104 2255 158 2340 tit,
180 2256 396 2348 mixturaque
420 2252 573 2347 aequabili
589 2255 745 2322 vitiorum
762 2269 863 2348 atque
878 2255 1039 2325 virtutum
1061 2282 1069 2324 :
1086 2255 1147 2325 do·

104 2399 162 2442 uec
182 2377 324 2443 virtutes
345 2397 477 2468 quoque
500 2375 535 2442 iu
558 2373 639 2442 vitia
663 2372 795 2443 deflexit
816 2399 824 2442 ι
844 2389 1006 2468 quantum
1033 2376 1147 2468 conje-

105 2509 193 2564 'ctare
208 2492 307 2580 licet,
330 2517 430 2588 super
452 2493 575 2587 ingenii
591 2506 760 2581 naturam,
782 2494 893 2588 iuopia
913 2517 1033 2590 rapax,
1057 2511 1146 2564 metu
1229 2541 1243 2546 --

102 2639 217 2686 sevus.
653 2699 658 2710 Ι
1113 2681 1115 2684 .

146 2739 206 2808 lv.
230 2735 428 2830 Spectacula
445 2734 575 2815 assidue
592 2736 766 2831 ntegnifica
784 2749 1005 2839 et'sumtuosa
1023 2737 1143 2823 edidit,

100 2881 165 2924 non
182 2858 220 2925 in
239 2855 496 2950 Amphitheatro
507 2855 624 2942 modo,
640 2881 755 2926 verum
766 2869 799 2925 et
813 2856 977 2927 inCirco:
994 2857 1051 2925 ubi
1066 2879 1148 2952 prae·

99 2989 147 3044 ter
158 2975 343 3056 sollemnes
355 2975 509 3070 bigarum
523 2975 828 3071 quadrigarumque
842 2999 975 3064 cursus,
991 2974 1144 3070 proelium

98 3099 197 3166 etiam
223 3095 372 3191 duplex,
398 3111 552 3190 equestre
579 3118 618 3165 ac
644 3095 814 3191 pedestre,
838 3097 1032 3166 commisit:
1053 3103 1087 3165 at
1113 3097 1147 3166 iu

95 3217 359 3312 Amphitheatro
387 3214 504 3285 navale
528 3209 671 3310 quoque.
694 3217 780 3286 Nam
811 3218 1002 3286 venationes
1022 3216 1168 3312 gladia?

96 3353 276 3434 toresque,
291 3351 323 3406 et
337 3337 491 3406 noctibus
505 3335 547 3404 ad
559 3335 763 3430 lychnuchos
780 3361 867 3406 suec
881 3336 1029 3406 virorum
1045 3338 1146 3428 modo

95 3485 249 3555 pugnas,
266 3458 324 3528 sed
338 3458 595 3560 eldeminarum.
615 3461 776 3527 Praeterea
794 3459 980 3551 quaestoriis
996 3462 1144 3529 muneri·

93 3577 170 3666 hus,
191 3605 276 3674 quae
292 3577 372 3648 olim
389 3579 509 3648 omissa
524 3592 753 3663 revocaverat,
770 3580 814 3647 ita
834 3603 964 3673 semper
981 3579 1147 3664 interluit,

93 3715 128 3767 ut
145 3698 284 3796 populo
303 3713 501 3793 potestatem
521 3699 642 3768 laceret
661 3699 741 3768 bina
756 3699 848 3793 paria
864 3724 883 3767 e
902 3722 963 3767 suo
985 3696 1065 3767 ludo
1084 3723 1142 3792 po·

90 3818 267 3907 stulnndi,
297 3842 402 3912 eaque
433 3820 610 3888 novissima
636 3817 744 3888 aulico
771 3833 931 3913 apparatu
962 3817 1143 3888 induceret.

89 3941 139 4010 hc
167 3965 237 4035 per
264 3963 365 4009 omne
391 3937 611 4034 gladiatorum
631 3936 858 4033 spectaculum
885 3937 1087 4032 antepedes
1114 3940 1144 4003 ci

89 4061 202 4130 stabat
219 4057 385 4154 puerulus
394 4059 609 4146 coccinatus,
626 4081 730 4154 parvo
746 4073 1004 4154 portentosoque
1022 4057 1147 4151 capite,

88 4205 166 4248 cum
182 4203 263 4274 quo
279 4177 462 4272 plurimum
479 4176 700 4266 fabulabatur,
714 4201 956 4271 nonnunquam
971 4179 1068 4247 serio.
1080 4182 1148 4247 hu·
1200 4219 1206 4230 ι
