3098 5446
553 493 675 550 mo.
1072 515 1125 568 ²7¹

111 633 192 703 sent,
212 619 246 684 in
269 616 412 686 medium
429 615 581 685 manibus
593 619 661 687 auis
679 619 884 712 protrahens.
902 623 1128 696 llestiuaverat

110 739 221 824 etiam,
238 741 317 830 quia
334 734 520 831 Apollinem
534 752 651 824 cautu,
666 737 775 808 Solem
786 740 968 835 aurigando
988 745 1129 839 equipa-

110 881 178 926 rare
203 858 455 944 existimaretur,
478 857 599 926 imitari
624 871 657 926 et
675 857 825 930 Hemulis
848 859 951 948 laetiq
967 881 1129 957 prepara-

108 993 241 1070 tamqne
257 975 385 1048 leonem
401 977 515 1062 aiunt,
532 999 631 1070 quem
651 976 702 1046 vel
726 977 835 1068 clara,
851 975 903 1048 rel
919 980 1128 1052 brachiorum

109 1098 257 1184 nexibus,
275 1098 310 1166 in
327 1097 568 1191 Amphitheatri
584 1095 702 1187 arena,
722 1114 888 1194 spectante
906 1099 1050 1196 populo,
1067 1123 1129 1172 nu·

13 1191 15 1220 '
107 1215 324 1287 anesum.
1012 1221 1016 1230 ·

152 1339 242 1418 Ltv.
264 1338 333 1407 Sub
352 1334 441 1406 ertitu
464 1333 597 1432 quidem
623 1340 697 1408 vite
719 1339 826 1434 pelam
846 1355 997 1428 voverat,
1017 1343 1044 1412 si
1066 1341 1127 1410 tibi

110 1455 281 1525 incolumis
300 1448 403 1526 status
426 1459 671 1552 permansisset,
685 1459 947 1552 proditorunse
965 1473 1067 1554 porte
1081 1461 1130 1528 vi·

13 1549 15 1564 ¹
109 1577 217 1644 stetim
235 1575 321 1646 ludis
336 1579 436 1646 etiam
448 1576 661 1671 hydraulam,
679 1591 713 1647 et
732 1564 939 1665 choraulam,
959 1595 993 1648 et
1009 1581 1129 1649 utricu-

108 1691 244 1782 larium,
269 1717 307 1764 ae
334 1695 512 1766 nouissimo
539 1695 595 1766 die
628 1697 841 1782 histrionem,
871 1697 1129 1793 saltaturumque

109 1811 237 1906 Virgilii
250 1817 410 1884 Turnum.
424 1818 467 1884 Et
482 1829 580 1898 suut,
594 1816 651 1908 qui
672 1815 819 1902 tradent,
832 1817 982 1886 Paridem
999 1818 1129 1887 histrio—

108 1957 179 2002 nem
198 1935 345 2004 occisum
361 1935 404 2004 ab
417 1959 473 2019 eo,
493 1937 586 2027 quasi
602 1959 735 2030 gravem
752 1935 983 2006 adversarium.

151 2057 222 2126 LV.
249 2057 331 2124 Erat
351 2051 400 2123 illi
420 2056 612 2124 aeternitatis
629 2070 860 2150 perpetuaeque
876 2056 970 2126 lamae
986 2057 1128 2151 cupido,
1218 2059 1221 2066 '

107 2173 160 2241 aed
178 2171 387 2263 inconsulta3
404 2172 542 2267 ideoque
555 2172 666 2242 multis
681 2175 779 2243 rebus
795 2199 833 2243 ac
852 2175 931 2244 locis
946 2191 1055 2245 vetere
1068 2201 1127 2272 ap·

106 2293 280 2388 pellatione
293 2293 456 2381 detracta,
472 2318 592 2362 nouam
609 2292 738 2362 induxit
749 2319 788 2363 ex
803 2318 863 2363 suo
877 2297 1019 2364 nomine.
1034 2299 1129 2365 Men·

105 2437 170 2482 sena
189 2437 323 2507 quoque
338 2410 474 2506 aprilem
489 2413 678 2482 Neroneum
694 2411 878 2507 appellavit.
897 2417 1128 2486 Destioaverat

105 2547 135 2600 et
151 2537 291 2602 Romam
308 2531 491 2626 Neropolim
509 2555 709 2626 nuncupare.

150 2655 240 2722 LVI.
273 2650 484 2747 Religionum
518 2674 750 2744 usquequaque
780 2666 976 2739 contemtor,
1010 2669 1128 2746 praeter
1211 2679 1217 2685 “

105 2775 202 2842 unius
222 2771 292 2840 dete
312 2773 424 2865 Syrie.
444 2775 537 2841 Hanc
559 2795 638 2839 mox
656 2771 702 2839 ita
720 2771 862 2864 sprevit,
881 2785 917 2840 ut
936 2773 1031 2840 urina
1048 2797 1126 2842 con-

106 2895 301 2979 taminaret3
322 2891 386 2962 alia
407 2892 636 2986 superstitione
653 2905 783 2986 captus,
802 2891 837 2959 in
854 2915 920 2983 qua
937 2889 1006 2960 sola
1026 2895 1125 2987 perti·

102 3014 275 3082 uerissime
300 3012 402 3081 haesit.
426 3011 592 3105 Siquidem
620 3010 805 3080 icuneulam
826 3008 1003 3104 puellarem
1023 3036 1125 3105 quum

101 3134 194 3223 quasi
212 3130 396 3202 remedium
415 3129 606 3200 insidiarum
621 3153 640 3198 a
653 3128 782 3224 plebeio
796 3130 939 3222 quodam
956 3145 990 3198 et
1011 3133 1126 3225 ignoto

101 3252 231 3320 muneri
255 3253 450 3346 acoepisset,
468 3249 595 3318 detecta
611 3249 782 3318 confestim
803 3251 1045 3342 conjuratione,
1065 3275 1127 3344 pro

100 3395 233 3440 summo
253 3371 408 3457 numine,
422 3371 582 3464 trinisque
603 3371 637 3438 in
654 3369 707 3438 die
723 3368 909 3458 sacrificiis,
928 3369 1035 3439 colere
1052 3395 1127 3464 per-

98 3491 263 3560 severavit
278 3516 287 3558 :
305 3489 500 3584 volebatque
515 3489 604 3560 credi
620 3491 801 3559 monitione
826 3491 897 3583 ejus
918 3490 1028 3559 futura
1046 3514 1127 3584 prse-

97 3634 246 3680 noscere.
262 3614 347 3680 Ante
360 3633 498 3704 paucos,
514 3635 613 3702 quam
629 3610 768 3704 periret,
781 3634 923 3695 menses,
942 3607 1081 3678 attendit
1094 3623 1127 3676 et

95 3733 286 3826 extispicio,
305 3755 364 3800 nec
379 3755 523 3824 unquam
538 3731 654 3800 litavit.

143 3853 252 3922 LVII.
279 3851 373 3920 Obiit
395 3850 540 3920 meando
561 3865 594 3919 et
618 3853 782 3920 tricesimo
803 3853 905 3920 aetatis
928 3875 1034 3934 anno,
1056 3847 1125 3934 die,

94 3995 166 4060 quo
192 3971 360 4064 quondam
384 3971 556 4041 Octaviam
574 3973 806 4055 interemerat,
828 3985 1020 4060 tantumque
1044 3992 1123 4061 gau·

90 4087 190 4158 dium
205 4088 334 4183 publice
349 4089 508 4184 praebuit,
520 4105 557 4159 ut
570 4090 660 4184 plebs
676 4091 796 4186 pilenta
814 4105 882 4159 tota
899 4089 991 4158 Urbe
1001 4088 1125 4158 discur-
