3114 5446
523 521 718 578 CLAUDIUS.
1083 543 1135 584 etr

118 675 248 720 urorum
282 647 545 739 libertorumque
573 646 731 731 arbitrio,
764 645 1030 737 administravit3
1065 651 1139 722 talis

118 773 232 864 ubique
247 769 460 865 plerumque,
475 763 606 862 qualem
617 790 686 836 esse
696 791 787 852 eum,
803 783 861 836 aut
874 769 1044 864 expediret
1056 769 1140 857 illis,

117 907 162 960 aut
181 889 309 960 liberet.
407 873 414 890 ⁰

154 1013 281 1080 xxvl.
309 1011 455 1102 Sponsas
480 1004 659 1076 admodum
682 1004 870 1078 adolescens
898 1007 980 1078 dues
1001 1010 1139 1080 babuit:

118 1129 275 1200 AEnniliam
295 1125 475 1222 Lepidam,
497 1127 639 1220 Augusti
662 1141 878 1220 proneptem
904 1129 982 1198 item
1009 1132 1137 1200 Liviam

117 1247 350 1334 Medullinum,
371 1245 425 1316 cui
446 1259 479 1314 et
497 1269 682 1340 cognomen
703 1244 848 1318 eamittae
866 1263 956 1335 erat,
982 1273 1001 1318 e
1021 1273 1140 1344 genere

117 1372 249 1464 antiquo
266 1367 435 1438 dictatoris
447 1363 590 1436 Camilli.
611 1365 774 1453 Priorem,
792 1366 884 1459 quod
902 1383 1056 1461 parentes
1069 1371 1140 1463 ejus

117 1494 299 1584 Augustum
332 1483 563 1570 offenderant,
595 1485 759 1580 uirginem
789 1485 898 1556 adbuc
926 1488 1139 1581 repudiavit:

118 1609 327 1703 posteriorem
344 1607 416 1700 ipso
429 1603 499 1690 die,
514 1605 572 1696 qui
587 1618 658 1674 erat
675 1605 799 1698 nuptiis
816 1603 1014 1690 destinatus,
1030 1633 1070 1678 ex
1086 1632 1141 1678 ve·

117 1727 258 1798 letudine
276 1726 394 1796 emisit.
424 1727 547 1794 Uxores
565 1721 685 1792 deinde
705 1723 800 1792 dtrxit
814 1721 977 1794 Plautiam
996 1724 1140 1821 Urgula-

117 1847 240 1935 nillam,
268 1843 477 1939 triumphali,
503 1858 536 1912 et
552 1868 629 1912 mox
648 1841 765 1912 AElinm
784 1844 955 1926 Petiuam,
976 1843 1141 1922 consulari

118 1982 214 2062 petre.
225 1969 313 2035 Cum
326 1979 465 2058 unaque
481 1962 660 2032 diuortium
678 1960 772 2032 lecit:
792 1962 847 2032 sed
866 1988 942 2032 cum
957 1965 1089 2048 Petina‚
1101 1989 1141 2034 ex

116 2085 236 2156 lenibus
253 2083 406 2168 offensis3
422 2107 498 2154 cunr
514 2079 745 2180 Urgulanilla,
762 2082 805 2150 ob
822 2079 997 2152 libidinum
1018 2084 1142 2174 probra

116 2221 144 2274 et
165 2201 339 2275 homicidii
363 2203 592 2296 suspicionem.
620 2203 699 2270 Post
725 2201 785 2270 has
802 2200 969 2272 Valeriam
992 2202 1142 2272 Messali-

120 2350 205 2414 nam,
223 2323 360 2394 Barbati
373 2320 539 2406 Messalas,
554 2321 742 2390 consobrini
765 2321 831 2402 sui,
848 2319 966 2408 filiam,
980 2323 1014 2392 in
1029 2323 1143 2392 matri-

116 2447 264 2514 monium
278 2443 413 2536 acccpit.
433 2442 546 2530 Quam
563 2465 665 2534 quum
683 2441 909 2535 comperisset,
923 2464 1023 2534 super
1035 2455 1143 2512 cetera
1207 2491 1212 2504 .

117 2563 236 2660 flagitia
260 2577 358 2656 atque
380 2559 558 2645 dedecora,
582 2562 619 2630 C.
641 2556 724 2628 Silio
743 2559 842 2628 etiam
865 2560 1036 2652 nupsisse,
1063 2559 1142 2630 dote

117 2683 197 2752 inter
207 2683 358 2776 auspices
368 2681 578 2775 consignata,
594 2676 755 2773 supplicio
773 2677 901 2766 affecit3
918 2678 1142 2748 confirmavit-

115 2826 175 2894 que
201 2777 267 2896 pro
294 2799 453 2869 concione
479 2797 566 2892 apud
593 2799 825 2892 praetorianos,
853 2798 1053 2886 «Quatenus
1080 2798 1143 2866 sibi

117 2921 324 2990 matrimonia
335 2915 594 3004 mnleoederent,
609 2941 857 3012 permansurum
873 2941 908 2985 se
920 2918 952 2984 in
966 2914 1142 2986 coelibatu:

116 3063 150 3108 ao
169 3042 234 3110 nisi
252 3039 499 3134 permansisset,
516 3061 582 3108 non
598 3050 826 3108 recusaturum
840 3035 974 3106 confodi
992 3036 1143 3106 manibus

116 3157 275 3251 ipsorum.
290 3187 308 3223 n
335 3159 406 3226 Nec
430 3153 700 3258 docerevoluit,
725 3156 805 3248 quin
832 3154 873 3224 de
898 3155 1144 3226 conditionibus

115 3281 460 3364 continuetractaret,
477 3275 576 3346 etiam
594 3273 637 3346 de
653 3276 791 3361 Petinae,
809 3299 908 3368 quam
929 3273 1008 3344 olim
1027 3299 1143 3370 exege-

114 3375 180 3481 rat,
198 3395 307 3489 deque
324 3393 438 3464 lollio
452 3393 612 3482 Paulines,
630 3417 704 3488 que
719 3396 757 3464 C.
770 3394 890 3466 Cassari
907 3408 1012 3488 nupta
1024 3392 1144 3463 fuerat.

114 3517 241 3586 Verum
260 3512 422 3584 illecebris
439 3514 644 3610 Agrippino,
661 3513 849 3585 Germanici
866 3512 976 3584 fratris
988 3514 1038 3582 sui
1054 3510 1145 3598 filiae,

115 3657 172 3727 per
190 3635 248 3728 jus
271 3633 375 3704 osculi
401 3649 436 3704 et
456 3633 691 3704 blanditiarum
716 3632 902 3702 occasiones
927 3629 1083 3726 pellectus
1110 3630 1145 3731 in

114 3773 280 3837 amorem,
306 3753 518 3839 subornavit,
544 3753 695 3848 proximo
721 3765 853 3838 senatu,
876 3751 933 3844 qui
957 3763 1145 3835 censerent,

114 3869 302 3966 cogendum
322 3896 357 3962 se
382 3870 425 3942 ad
446 3870 634 3942 ducendum
655 3897 730 3942 eam
749 3895 902 3958 uxorem,
922 3871 1015 3963 quasi
1037 3870 1145 3962 reipu-

114 3988 209 4059 blicae
228 3993 367 4074 maxime
384 3993 572 4078 interesset3
593 3990 804 4086 dandamque
816 3990 931 4060 ceteris
948 3989 1076 4058 veniam
1098 4001 1145 4056 te·

114 4105 200 4178 lium
222 4112 470 4204 conjugiorum,
488 4135 560 4205 quae
580 4111 623 4182 ad
641 4110 674 4180 id
690 4125 820 4206 tempus
840 4110 960 4180 incesta
978 4107 1145 4178 habeban-
