3114 5446
503 521 704 580 CALIGULA.
1064 530 1119 587 165

102 648 244 733 demum,
265 645 334 714 lato
354 643 520 730 functum,
543 643 651 738 palam
672 644 795 714 facturn
815 660 889 733 est,
910 674 977 718 non
995 651 1119 724 solatiis

101 765 183 852 ollis,
200 790 272 834 non
287 762 401 832 edictis
420 761 563 830 inhiberi
582 762 689 831 luctus
706 763 858 858 publicus
874 770 1001 861 potuit,
1016 769 1116 842 dura·

103 887 205 976 vitque
237 883 337 951 etiam
359 905 419 975 per
440 879 539 948 festos
564 879 745 950 decembris
770 885 890 954 mensis
913 886 990 956 dies.
1016 893 1119 962 Auxit

102 1001 230 1097 gloriam
255 999 522 1092 desideriumque
547 998 695 1068 defuncti
723 1001 821 1072 etiarn
848 1007 1001 1074 atrocitas
1030 1010 1117 1080 inse.

101 1122 262 1214 quentium
284 1133 490 1214 temporum,
508 1119 635 1186 cunctis
658 1143 718 1186 neo
739 1133 863 1190 temere
882 1125 1117 1218 opinantibus,

102 1241 274 1310 reverentia
285 1239 356 1331 ejus
370 1261 408 1306 ac
421 1251 512 1306 metu
526 1261 708 1329 repressam
720 1234 843 1308 Tiberii
858 1243 1031 1331 soevitiam,
1044 1271 1117 1339 quae

102 1385 164 1428 moa
183 1359 343 1453 eruperit.

139 1481 210 1548 vll,
231 1477 359 1546 Habuit
373 1477 407 1544 io
424 1476 633 1545 matrimonio
649 1479 882 1572 Agrippinam,
895 1485 944 1550 Μ.
961 1485 1116 1580 Agrippae

101 1613 128 1666 et
141 1595 235 1666 luliae
254 1594 377 1685 filiam,
396 1609 489 1664 etex
508 1620 547 1664 ea
569 1619 687 1664 novem
707 1595 828 1667 liberos
848 1599 925 1669 tulit
946 1627 954 1669 τ
974 1627 1116 1696 quorum

101 1717 157 1786 duo
174 1715 320 1786 infantes
336 1715 443 1810 adbuc
462 1716 566 1809 rapti,
583 1739 669 1784 unus
683 1717 750 1810 jam
768 1741 978 1810 puerascens,
996 1724 1117 1819 insigni

102 1836 287 1920 festivitate,
309 1833 403 1927 cujus
420 1832 562 1928 effigiem
579 1833 694 1904 habitu
714 1835 889 1929 Cupidinis
908 1841 941 1908 in
962 1841 1031 1910 aede
1049 1846 1116 1912 Ca-

101 1955 238 2047 pitolinae
253 1952 394 2022 Veneris
411 1953 505 2022 Livia
523 1951 695 2021 dedicavit.
722 1957 889 2049 Augustus
910 1958 943 2026 in
964 1960 1117 2030 cubiculo

102 2099 154 2142 suo
177 2074 345 2167 positam,
370 2071 630 2164 quotiescunque
658 2072 830 2160 introiret,
857 2075 1115 2148 exosculabatur.

101 2195 199 2261 Ceteri
227 2190 420 2285 superstites
444 2191 531 2283 patri
552 2189 696 2259 luerunt.
720 2194 800 2262 Tres
823 2217 920 2263 sexus
945 2196 1117 2285 feminini,

100 2312 295 2405 Agrippina,
316 2305 482 2396 Drusilla,
504 2306 640 2396 Livilla,
662 2311 820 2379 continuo
843 2315 986 2382 triennio
1006 2329 1115 2383 nattes

99 2429 229 2498 totidem
250 2452 373 2516 mares,
395 2429 484 2496 Nero
503 2441 536 2494 et
554 2430 685 2496 Drusus
704 2443 738 2497 et
753 2431 791 2498 C.
813 2431 930 2500 Caesar.
951 2433 1117 2502 Neronem

100 2564 128 2616 et
138 2553 286 2618 Drusum
301 2563 445 2636 senatos,
455 2548 587 2616 Tiberio
604 2549 812 2637 criminante,
826 2551 935 2619 hostes
943 2552 1114 2643 judicavit.

140 2671 231 2736 vm.
250 2669 289 2737 C.
306 2669 415 2737 cesar
428 2681 525 2734 natus
544 2680 593 2734 est
607 2666 712 2759 pridie
731 2665 886 2737 kalendas
902 2671 1116 2762 septembres,

96 2802 180 2876 putre
197 2811 259 2854 suo
275 2800 309 2854 et
323 2788 362 2854 C.
380 2785 517 2854 Fonteio
537 2787 700 2878 Capitone
720 2784 917 2855 consulibus.
935 2788 1002 2856 Ubi
1020 2805 1116 2858 natus

96 2905 149 2990 sit,
165 2906 330 2974 incertum
352 2903 524 2972 diversitas
544 2903 744 2972 tradentium
761 2903 849 2972 facit.
872 2908 934 2974 Cn.
955 2905 1117 2976 Lentulus

95 3022 269 3092 Gaetulicus
287 3021 402 3091 Tib'uri
424 3022 573 3114 genitum
590 3021 722 3106 scribit;
745 3021 871 3090 Plinius
890 3024 1061 3094 Secundus
1082 3027 1117 3094 in

94 3143 261 3226 Treveris,
287 3142 363 3208 vico
391 3138 605 3234 Ambiatino,
630 3163 729 3232 supra
757 3139 968 3210 Confluentes
992 3143 1118 3213 :addit

94 3261 188 3326 etiam
207 3284 269 3352 pro
290 3271 504 3351 argumento,
524 3281 596 3324 aras
617 3257 663 3324 ibi
682 3257 832 3342 ostendi,
849 3260 1042 3353 inscriptas,
1063 3265 1117 3332 On

93 3380 293 3448 boemerum
312 3378 554 3446 Puemsnrmr.
572 3372 756 3462 versiculi,
776 3377 959 3468 imperante
980 3403 1055 3450 mox
1077 3406 1117 3450 eo

93 3495 264 3591 divulgati,
277 3493 367 3589 apud
384 3495 539 3564 hibernas
557 3492 702 3588 legiones
720 3511 928 3588 procreatum
945 3495 1114 3567 indicant:

184 3641 220 3694 In
234 3639 334 3695 castris
348 3647 444 3707 notus,
461 3637 561 3712 patriis
576 3635 698 3692 nutritus
714 3635 745 3690 in
763 3636 863 3708 armis,
1192 3607 1195 3614 ⁴

222 3731 287 3786 lam
305 3729 444 3805 designati
463 3729 603 3803 principis
620 3746 703 3784 omen
721 3738 788 3785 erat.

89 3851 161 3944 Ego
180 3854 217 3920 in
233 3853 329 3940 actis,
347 3853 438 3922 Antii
458 3851 601 3938 editum,
616 3851 758 3920 invenio.
776 3849 975 3922 Gaetulrcum
996 3852 1114 3923 refellit

88 3966 239 4056 Plinius,
255 3973 347 4064 quasi
368 3971 542 4040 mentitum
560 3994 620 4063 per
633 3968 876 4055 adulationem,
894 3983 931 4036 ut
947 3969 989 4038 ad
1004 3969 1116 4042 laudes

87 4084 223 4176 juvenis
236 4087 435 4184 gloriosique
449 4089 606 4184 principis
627 4087 752 4180 aliquid
765 4088 864 4156 etiam
879 4112 919 4156 ex
936 4087 1018 4159 urbe
1032 4094 1115 4160 ller-
