3164 5442
423 535 479 594 art
893 523 1008 580 NOTAE
1060 591 1062 597 Ι

423 655 504 714 rent,
519 657 700 715 numeroque
717 649 745 695 et
765 640 873 696 robore
891 650 919 696 et
932 638 995 695 visu
1008 639 1084 696 iuter
1097 657 1126 696 se
1143 635 1249 696 tiducia
1267 635 1354 713 ipsis,
1371 637 1401 695 in
1418 657 1462 696 ce-

423 745 500 792 teros
511 745 603 791 metus
617 742 769 788 crearetur.
788 757 799 780 ιι

464 826 567 902 Capita
572 825 745 897 factionum.
761 825 796 880 fl.
813 843 838 880 e.
854 823 1000 899 principes
1015 822 1182 880 lactionum.

465 917 618 992 lielegavit.
635 918 671 972 Δ.
686 916 722 972 U.
738 913 812 988 776,
829 933 865 972 ex
883 915 974 972 Tacit.
988 915 1114 982 Annal,
1129 933 1170 984 ιν,
1189 922 1231 982 14.

465 1009 639 1066 Pollentina.
653 1007 759 1084 Agitur
772 1007 809 1064 de
822 1004 1072 1080 Pollentia‚ju.cta
1089 1007 1201 1082 Alpes,
1216 1015 1280 1062 test.
1298 1005 1383 1076 Ptin,
1398 1025 1466 1078 vm,

424 1104 475 1174 48,
492 1113 521 1160 et
536 1103 656 1173 Cellae,
677 1103 779 1176 Gcogr.
796 1105 881 1168 Ant,
898 1119 940 1171 rr,
954 1119 983 1175 9,
998 1119 1027 1174 p.
1043 1097 1111 1176 659.

463 1201 490 1254 A
514 1197 601 1252 Cottii
615 1213 712 1270 regno.
736 1197 762 1250 A
782 1213 842 1268 quo
860 1195 953 1268 Alpes
975 1193 1075 1250 Cottia
1097 1191 1275 1248 dicebantur.
1295 1189 1466 1258 Marcellin,

422 1309 470 1360 xv,
492 1308 525 1344 ιο
540 1309 547 1344 :
567 1313 580 1338 e
590 1289 626 1344 In
638 1286 682 1343 his
695 1287 820 1360 Alpibus
840 1285 953 1352 Cottid,
969 1303 1092 1360 quarrun
1105 1283 1219 1340 initium
1235 1294 1276 1339 est
1287 1301 1305 1338 a
1317 1281 1468 1358 Segusione

422 1381 723 1458 oppido,praecelsum
737 1377 857 1455 erigitur
868 1378 986 1456 jugum,
1000 1377 1072 1433 nulli
1085 1377 1146 1434 iere
1159 1376 1220 1433 sine
1240 1373 1406 1432 discrimine
1417 1392 1468 1449 pe·

422 1473 570 1532 netrabile.
587 1497 600 1524 ι
616 1471 659 1529 Cf.
675 1473 817 1542 casnm,
829 1471 880 1526 ub.
895 1489 976 1544 sup,
988 1489 1018 1544 p.
1040 1470 1107 1542 647.

463 1581 585 1636 Ademit.
598 1577 672 1648 Dio,
686 1594 765 1648 nvn,
779 1595 809 1650 p.
827 1575 886 1652 619
901 1596 908 1631 =
922 1583 975 1638 καὶ
987 1585 1127 1646 Κυζικηνῶν
1140 1587 1157 1644 ἡ
1172 1582 1292 1653 acutule
1305 1575 1385 1646 αὖιις,
1398 1581 1468 1634 tnn

421 1670 548 1752 inpriore
568 1679 636 1739 τινὰς
652 1672 756 1742 ideone,
773 1675 817 1730 uui
834 1677 871 1730 ὅτι
887 1675 930 1729 καὶ
950 1677 978 1728 τὸ
994 1679 1080 1747 ἡρῶον,
1097 1679 1158 1746 trip
1176 1677 1310 1746 Αὐγούστῳ
1332 1675 1411 1728 ποιεῖν
1431 1675 1470 1744 ἧι-

422 1773 504 1840 ξαιτι,
518 1774 561 1825 olrx
576 1770 727 1835 lirritrour,
739 1769 858 1840 ἅφῃρήοη.
871 1761 914 1817 Cf.
929 1761 1047 1831 Tecum,
1065 1763 1172 1816 Annal.
1179 1800 1189 1827 ,
1204 1778 1246 1829 tv,
1261 1757 1307 1814 36.

464 1868 679 1926 Maroboduum.
701 1867 956 1922 Marcomanorum
977 1884 1028 1922 rex
1048 1865 1103 1922 brit
1122 1885 1130 1919 e
1149 1865 1242 1922 rictus
1259 1873 1301 1920 est
1319 1863 1357 1920 ab
1377 1861 1470 1920 Armi-

421 1963 472 2020 nio
485 1965 520 2018 A.
535 1963 571 2020 U.
592 1978 666 2032 770,
681 1967 745 2016 test.
762 1958 867 2031 Tacit,
881 1961 1003 2027 Annal,
1018 1978 1061 2030 ιι,
1076 1959 1128 2030 46;
1142 1958 1271 2014 desertus
1284 1975 1302 2013 a
1317 1954 1421 2012 suiad.
1435 1957 1469 2013 U.

424 2073 481 2127 772
496 2054 534 2112 ad
547 2052 697 2110 Tiberium
710 2049 857 2127 confugit,
875 2051 966 2108 Tacit.
979 2051 1030 2108 ub.
1044 2071 1107 2127 sup.
1122 2050 1222 2110 iia-63.
1363 2043 1365 2048 ¹

465 2159 678 2234 lilascupob'm.
688 2159 732 2213 De
746 2175 806 2231 quo
820 2157 966 2229 Vell.,11,
983 2176 1038 2233 129
1054 2177 1062 2214 ε
1077 2156 1217 2230 «Quailla
1227 2152 1383 2229 prudentia
1392 2155 1472 2212 Rha-

422 2251 576 2326 scupolim‚
589 2250 824 2322 interemptorem
838 2247 934 2304 fratris
947 2247 992 2306 sui
1004 2248 1057 2305 filii
1066 2251 1171 2324 Cotys,
1185 2243 1389 2320 consortisque
1402 2245 1473 2320 ejus·
1576 2249 1577 2252 ’

423 2344 490 2401 dem
502 2339 616 2416 imperii
633 2340 772 2396 evocavit.
789 2339 934 2415 Singulari
951 2341 982 2395 in
998 2359 1033 2398 eo
1051 2339 1169 2418 negotio
1187 2357 1255 2396 usus
1273 2355 1365 2411 opera
1379 2337 1472 2396 Flacci

422 2432 588 2510 Pomponii,
618 2431 773 2489 consularis
799 2431 873 2504 viri,
895 2433 954 2489 uati
977 2433 1015 2490 ad
1037 2431 1132 2490 omnia
1153 2449 1217 2507 que
1236 2439 1315 2486 recte
1342 2429 1474 2487 indenda

423 2537 498 2584 sunt.
515 2551 526 2576 ι
546 2526 589 2584 Cf.
604 2527 721 2596 Tecum,
734 2524 784 2581 ub.
798 2543 879 2600 sup,
894 2525 1000 2597 64-67.

469 2633 651 2690 Archelaum.
665 2630 740 2703 Dio,
754 2650 835 2702 uvrr,
848 2619 885 2705 p.'
895 2630 953 2700 614
970 2651 977 2686 ι
992 2641 1039 2694 Τὸν
1053 2633 1085 2692 δι
1101 2633 1136 2698 ἃ
1146 2631 1270 2712 insnum
1284 2640 1328 2692 τὸν
1341 2645 1392 2702 τῆς
1401 2643 1474 2692 Kue-

422 2730 549 2811 παδοιιίας
564 2730 671 2786 Εασιλία
685 2727 720 2785 δι’
734 2734 804 2803 ὀργῆς
816 2731 891 2801 σχὼν,
904 2732 942 2785 ὅτι
955 2733 1030 2786 αὐτοῦ
1047 2731 1091 2803 pir
1107 2734 1186 2792 ίςτὴι
1198 2721 1275 2785 i'idor
1289 2731 1403 2794 Mittor
1415 2731 1475 2803 aipi-

422 2836 497 2890 λησι,
515 2828 555 2879 τὸν
571 2821 601 2879 di
620 2827 691 2879 Polior
709 2826 784 2887 letis
794 2814 873 2878 loiur
884 2825 985 2878 tutum
998 2823 1158 2896 itepintuoe,
1176 2822 1373 2902 μιτιπίμψατρ,
1389 2823 1423 2887 ὃς
1433 2820 1475 2877 nl

422 2919 593 2988 reurepilorrci
604 2937 642 2982 τι,
655 2917 698 2970 nui
716 2924 749 2988 τῇ
761 2922 806 2977 τῆς
817 2916 943 2988 γιρουσίας
955 2915 1026 2988 ψήφῳ
1044 2911 1198 2986 nupldoxer·
1213 2905 1256 2964 Cf·
1270 2909 1396 2977 Tam„
1410 2910 1474 2963 An·

423 3005 500 3068 nal„
515 3021 555 3072 ιι,
575 3010 620 3069 la.

463 3107 590 3182 lielegit.
607 3105 681 3176 Dio,
697 3106 714 3159 l·
730 3124 754 3160 c·
771 3125 778 3160 :
799 3113 858 3167 itte
873 3113 1012 3169 τούτουκαὶ
1023 3117 1040 3174 ἡ
1050 3109 1228 3168 Καππαδοκία
1241 3121 1289 3167 τῶν
1309 3135 1339 3168 τι
1350 3104 1474 3190 inpulere

423 3209 525 3278 ἐγίνετό
539 3205 582 3260 καὶ
599 3207 672 3260 innui
686 3206 821 3276 lnerpn'nu.

400 3307 406 3322 ⁸
464 3303 531 3358 Cur.
553 3304 725 3360 XXXVIII.
747 3305 943 3379 Proeparuret.
959 3303 1064 3375 Tacit,
1080 3306 1204 3370 Annal„
1228 3322 1255 3374 ι,
1276 3310 1313 3374 47
1334 3324 1342 3361 :
1364 3307 1475 3363 «eete-

419 3413 484 3450 rum
492 3405 525 3450 ut
536 3394 595 3466 jam
605 3393 722 3468 jamque
730 3394 837 3467 iturus,
845 3395 915 3472 legit
923 3395 1054 3466 comites,
1064 3393 1238 3470 conquisivit
1250 3394 1476 3470 impedimenta,

420 3486 571 3544 adornavit
587 3505 673 3568 naves
686 3506 695 3542 ε
708 3507 777 3544 mox
797 3487 921 3544 hiemem
935 3497 986 3545 aut
997 3486 1114 3564 negotia
1126 3487 1204 3544 varie
1213 3496 1363 3560 causatus,
1378 3488 1475 3564 primo

419 3578 592 3652 prudentes,
611 3579 679 3636 dein
692 3580 827 3656 vulgum,
841 3578 999 3637 diutissime
1011 3577 1175 3653 provincias
1188 3578 1297 3636 fefellit.
1315 3603 1327 3630 ι

465 3669 606 3727 Vehiculis
628 3673 845 3745 comprehensis.
864 3671 929 3728 Hoc
942 3670 1033 3728 Tacit.
1055 3667 1196 3746 siguificat
1214 3668 1364 3728 dicendo:
1382 3674 1477 3748 irnpe-

419 3765 544 3819 ‹limentc
558 3763 729 3838 conquisivit.

463 3867 676 3924 Commenlibus.
690 3899 730 3910 -
747 3868 924 3926 Commeatum
940 3869 999 3926 dici
1015 3869 1147 3944 judicant
1165 3869 1275 3924 Remeat.
1299 3877 1329 3924 ct
1346 3867 1477 3928 Ouden-

419 3961 502 4034 dorp.
517 3980 576 4016 non
596 3961 632 4017 de
649 3959 774 4033 cibariis,
792 3962 843 4018 sed
861 3963 897 4018 de
914 3961 1051 4036 jumentis
1063 3959 1276 4036 uehiculisque,
1298 3979 1368 4035 qut
1390 3959 1477 4020 certis

418 4053 574 4110 intervallis
586 4054 781 4110 mutabantur.

460 4155 647 4232 Callippides.
661 4159 863 4230 Proverbinm‚
879 4161 1043 4217 translatum
1059 4179 1074 4216 a
1089 4157 1265 4234 Callippide,
1278 4158 1395 4219 celebri
1410 4171 1476 4219 tra·
