3168 5440
509 578 765 638 DOMITIANUS.

117 699 248 776 thonius
274 703 429 774 cubiculo
458 703 655 798 praepositus
679 705 864 792 convertit,
887 705 1049 776 nuncians
1069 729 1158 794 esse,

117 827 172 922 qui
188 850 347 922 magnum
365 827 476 896 nescio
492 824 574 918 quid
590 823 744 914 afferret,
760 849 822 895 nec
838 823 1071 896 differendum.
1088 829 1159 896 Ita-

117 971 194 1042 que,
210 948 385 1018 summotis
403 946 575 1035 omnibus,
592 947 627 1018 in
640 944 832 1018 cubiculum
851 970 886 1018 se
899 949 1038 1042 recepit,
1055 962 1156 1042 atque

117 1068 160 1136 ibi
180 1068 308 1137 occisus
324 1083 383 1138 est.

161 1191 271 1260 xvn.
291 1191 343 1258 De
358 1188 553 1260 insidiarum
569 1187 734 1283 cedisque
747 1211 870 1284 genera
882 1187 951 1260 haec
966 1187 1036 1258 lere
1050 1184 1156 1258 divul-

116 1323 190 1403 gata
218 1323 306 1378 sunu
336 1309 580 1380 Cunctantibus
605 1310 824 1405 conspiratis,
850 1309 986 1404 quando
1014 1324 1049 1380 et
1070 1331 1156 1402 quo·

116 1428 234 1518 modo,
251 1426 300 1526 [id
316 1427 397 1528 est‚]
417 1427 642 1517 lauantemne,
662 1455 703 1502 an
726 1447 913 1502 omnantenr
934 1430 1156 1527 aggrederen-

117 1567 185 1638 tur;
205 1551 408 1646 Stephanus,
427 1549 609 1624 Domitillae
630 1567 838 1647 procurator,
862 1566 896 1622 et
913 1565 994 1624 tunc
1016 1553 1156 1622 interce·

116 1686 249 1764 ptarum
267 1673 484 1766 pecuniarum
500 1697 592 1760 reus,
608 1671 785 1744 consilinm
802 1697 1005 1768 operamque
1022 1671 1158 1744 obtulit.

116 1797 165 1862 Ac
193 1792 398 1864 sinisteriore
424 1793 600 1881 bracchio,
627 1791 715 1864 velut
741 1819 848 1889 egro,
873 1792 959 1866 lanis
984 1792 1159 1886 fasciisque

115 1937 175 2006 per
194 1911 322 2007 aliquot
344 1912 415 1986 dies
435 1913 477 1986 ad
496 1915 708 1988 avertendam
732 1915 957 2010 suspicionem
976 1911 1159 2002 obvoluto,

114 2033 157 2104 ad
174 2035 281 2128 ipsam
303 2035 423 2106 horam
438 2033 596 2106 dolonem
613 2037 780 2130 interjecit
801 2033 1059 2130 :professusque
1079 2059 1163 2105 con·

115 2155 306 2248 spirationis
325 2155 506 2244 indicium,
525 2171 558 2226 et
576 2158 620 2226 ob
635 2157 700 2228 hoc
716 2155 903 2242 admissus,
919 2153 1041 2250 legenti
1060 2153 1162 2225 tradi·

115 2289 187 2346 tum
208 2300 229 2344 a
253 2299 288 2344 se
312 2273 481 2365 libellum,
502 2293 535 2348 et
558 2278 719 2362 attonito,
747 2275 884 2347 suffodit
908 2276 1057 2372 inguina.
1078 2277 1162 2346 Sau-

116 2397 206 2466 cium
219 2420 258 2466 ac
274 2411 518 2494 repugnantem
533 2397 641 2468 adorti
651 2397 835 2470 Clodianus
854 2394 1115 2480 cornicularius,
1127 2411 1162 2465 et

116 2517 299 2604 Maximus,
322 2517 493 2586 Parthenii
506 2516 661 2604 libertus,
675 2531 708 2586 et
728 2518 896 2602 Saturius,
915 2515 1051 2586 decurio
1067 2516 1159 2586 cubi-

117 2634 341 2725 culariorum,
371 2651 404 2706 et
428 2637 564 2732 quidam
584 2663 603 2706 e
623 2635 820 2733 gladiatorio
844 2634 943 2722 ludo,
965 2634 1160 2704 vulneribus

117 2770 244 2851 septem
269 2757 555 2828 contrucidarunt.
581 2761 680 2843 Puer,
699 2759 757 2851 qui
779 2781 844 2824 arm
861 2756 997 2824 Larium
1014 2754 1161 2824 cubiculi

115 2901 156 2946 ex
181 2860 425 2948 consuetudine
448 2879 623 2965 assistens,
649 2875 799 2946 interfuit
817 2874 913 2960 caedi,
934 2875 997 2944 hoc
1018 2873 1161 2969 amplius

116 2998 292 3086 narrabat,
304 2999 434 3092 jussum
452 3023 519 3068 sea
535 2999 729 3072 Domitiano
745 2996 787 3066 ad
804 2997 950 3092 primum
966 2997 1077 3066 statim
1095 2995 1163 3066 vul·

117 3141 181 3188 nus
203 3120 384 3213 pugionem
399 3117 537 3213 pulvino
550 3117 720 3188 subditum
736 3118 921 3212 porrigere,
936 3141 975 3186 ac
991 3117 1162 3186 ministros

117 3263 259 3324 vocare,
283 3263 390 3334 neque
412 3239 456 3310 ad
472 3253 574 3333 caput
592 3239 791 3332 quicquam,
813 3251 953 3330 excepto
973 3235 1114 3331 capulo,
1131 3251 1163 3306 et

119 3374 279 3453 praterea
301 3359 412 3430 clausa
432 3361 545 3430 omnia
565 3360 751 3454 reperisse:
777 3373 878 3452 atque
897 3355 991 3428 illum
1011 3359 1163 3444 interim,

120 3495 274 3577 correpto
294 3479 505 3576 deductoque
525 3480 568 3550 ad
588 3496 710 3550 terram
733 3479 924 3574 Stephano,
944 3477 1162 3550 colluctatum

119 3600 192 3688 diu,
205 3601 286 3672 dum
297 3601 398 3674 modo
410 3602 534 3672 serrum
549 3616 765 3695 extorquere,
777 3599 894 3688 modo,
906 3624 1108 3694 quamquam
1121 3597 1164 3669 la·

121 3723 219 3792 niatis
231 3721 360 3819 digitis,
373 3721 488 3793 oculos
497 3721 643 3792 effodere
658 3737 809 3794 conatur.
826 3723 965 3792 Occisus
979 3735 1027 3790 est
1042 3735 1163 3814 quarto

116 3842 247 3914 decimo
261 3843 418 3916 kalendas
431 3846 591 3934 octobris,
608 3871 696 3918 anno
715 3847 820 3916 atatis
836 3845 954 3938 quinto
972 3858 1006 3912 et
1025 3842 1165 3936 quadra·

116 3966 259 4058 gesimo,
279 3967 409 4060 imperii
430 3969 548 4061 quinto
571 3967 710 4038 decimo.
730 3966 880 4038 Cadaver
898 3966 985 4058 ejus,
1008 3962 1162 4059 populari

116 4085 290 4180 sandapila
306 4111 366 4181 per
387 4087 585 4182 vespillones
602 4102 829 4183 exportatum,
853 4083 978 4179 Phyllis
998 4086 1111 4156 nutrix
1127 4087 1162 4156 in

115 4205 313 4276 suburbano
331 4231 392 4276 suo
419 4211 538 4278 Latina
559 4211 609 4277 via
632 4210 811 4296 luneravit;
828 4207 885 4276 sed
909 4204 1064 4299 reliquias
1081 4221 1163 4276 tern-
