3108 5434
437 487 490 543 106
836 487 865 541 C.
885 487 1059 542 8111thss

432 635 497 704 que
514 607 746 704 pellemvituli
768 610 887 676 marini
905 608 1128 678 circumferret
1147 633 1207 702 pro
1227 610 1387 696 remedio,
1403 627 1444 679 at-

431 753 495 824 que
510 728 553 797 nd
569 751 701 796 omnem
716 727 849 820 majoris
867 729 1066 822 tempestatis
1082 729 1301 822 suspicionem
1318 731 1351 798 in
1367 729 1445 798 abdi·

432 865 505 918 tum
524 862 557 916 et
574 861 837 916 concameratum
858 845 969 914 locum
990 871 1025 914 se
1041 846 1215 940 reciperet3
1231 863 1446 918 consternatus

430 966 509 1038 olim
531 992 590 1060 per
612 981 813 1036 nocturnum
836 967 899 1034 iter
921 979 1110 1035 transcursu
1133 963 1291 1060 fulguris,
1314 982 1352 1036 ut
1374 993 1444 1062 pre·

430 1087 582 1158 diximus.

475 1210 563 1278 XCI.
585 1207 721 1276 Somnia
742 1229 849 1300 neque
869 1229 944 1293 sua,
966 1231 1071 1300 neque
1094 1205 1200 1277 aliena
1219 1206 1259 1274 de
1281 1231 1332 1296 se,
1354 1207 1445 1302 negli-

427 1327 533 1422 gebat.
560 1323 762 1420 Philippensi
783 1327 872 1412 aeie,
893 1327 1042 1419 quamvis
1066 1327 1232 1394 statuisset
1254 1351 1321 1394 non
1342 1327 1443 1420 egredi

319 1505 322 1514 .
426 1445 638 1516 tabernaculo
664 1459 803 1540 propter
828 1443 1069 1531 valetudinem,
1094 1468 1243 1540 egressus
1268 1460 1317 1514 est
1343 1461 1445 1514 tamen

426 1567 523 1636 amici
544 1567 672 1634 somnio
694 1566 856 1650 rnonitus;
878 1565 1112 1656 cessitque”res
1129 1587 1301 1658 prospere,
1319 1563 1446 1658 quando

424 1687 526 1780 captis
539 1663 660 1755 *cedris
678 1682 795 1752 lectica
809 1683 896 1776 ejus,
913 1683 1006 1776 quasi
1025 1683 1069 1750 ibi
1088 1683 1211 1752 cubans
1230 1685 1447 1770 remansisset,

423 1829 586 1875 concursu
607 1803 751 1872 bostium
769 1801 921 1872 confossa
941 1815 1040 1894 atque
1059 1799 1199 1870 lacerata
1219 1817 1278 1871 est.
1300 1807 1375 1895 Ipse
1395 1827 1448 1896 per

423 1949 522 1992 omne
535 1947 592 1992 ver
604 1921 762 2015 plurima,
775 1936 809 1989 et
822 1919 1138 2008 formidolosissima,
1152 1936 1186 1990 et
1198 1945 1296 2008 vana,
1311 1937 1343 1996 et
1360 1925 1449 1990 irrita

424 2042 554 2110 videbat
575 2066 583 2108 :
605 2053 751 2132 tempore
769 2040 909 2127 rariora,
928 2051 962 2107 ct
984 2040 1092 2108 minus
1111 2063 1204 2108 vana.
1225 2041 1339 2127 Quum
1361 2040 1449 2110 dedi-

423 2175 529 2230 catum
548 2160 582 2228 in
599 2158 765 2254 Capitolio
784 2157 887 2229 adem
907 2157 1048 2226 Tonanti
1066 2159 1138 2226 Jovi
1156 2157 1284 2226 assidue
1299 2159 1449 2252 frequen·

423 2294 527 2374 taret,
555 2279 751 2364 somniavit,
777 2277 871 2369 queri
898 2274 1120 2370 Capitolinum
1145 2279 1281 2362 lovem,
1310 2277 1451 2346 cultores

422 2401 483 2468 sibi
503 2400 645 2486 abduei;
664 2423 763 2491 seque
782 2396 1006 2490 respondisse,
1025 2399 1209 2464 Tonantem
1229 2421 1290 2490 pro
1306 2399 1453 2490 janitore

421 2520 451 2588 ei
483 2517 673 2614 appositum
702 2543 710 2586 ι
743 2515 881 2610 ideoque
912 2539 990 2583 mox
1023 2515 1252 2586 tintinnabulis
1284 2516 1452 2611 fastigium

420 2638 497 2706 redis
512 2638 671 2726 redimiit,
688 2635 778 2730 quod
796 2659 834 2704 ea
849 2634 916 2704 lere
928 2635 1037 2729 januis
1053 2633 1289 2728 dependebant.
1308 2641 1358 2706 Ex
1377 2662 1454 2705 noc-

420 2775 520 2826 turno
547 2759 639 2842 visu,
668 2757 766 2826 etiarn
795 2756 912 2848 stipem
939 2755 1115 2846 quotannis
1142 2753 1195 2822 die
1220 2769 1311 2824 certo
1342 2781 1455 2824 emen-

419 2877 549 2946 dicabat
573 2901 593 2946 a
620 2875 763 2970 populo,
790 2899 902 2944 cavam
931 2897 1064 2942 manum
1090 2899 1176 2943 asses
1203 2877 1455 2971 porrigentibus

420 2996 577 3088 praebens.

465 3115 570 3183 XCII.
595 3113 747 3205 Auspicia
764 3128 797 3181 et
810 3115 923 3182 ‘omina
944 3113 1093 3207 quasdam
1112 3137 1172 3207 pro
1188 3117 1384 3184 certissimis
1401 3118 1460 3184 ob-

418 3233 576 3302 servabat.
597 3233 633 3301 Si
651 3255 746 3326 mane
762 3233 823 3300 sibi
839 3231 965 3301 calceus
979 3257 1166 3326 perperam,
1183 3257 1222 3302 ac
1240 3236 1379 3304 sinister
1399 3261 1461 3328 pro

417 3352 570 3438 dextero,
588 3350 814 3440 induceretur,
833 3365 870 3419 ut
886 3351 1011 3437 dirum;
1030 3353 1071 3438 si,
1090 3367 1178 3421 terra
1196 3355 1323 3422 marive
1343 3356 1463 3449 ingre·

417 3471 528 3540 diente
550 3495 584 3540 se
605 3451 820 3565 longinquam
844 3471 1096 3564 profectionem,
1123 3469 1207 3540 forte
1229 3491 1403 3561 rorasset‚
1427 3493 1465 3541 ut

417 3589 545 3677 laetum,
569 3591 755 3682 maturique
779 3604 810 3658 et
835 3592 984 3684 prosperi
1008 3591 1142 3659 reditus.
1165 3591 1230 3660 sed
1255 3608 1288 3660 et
1312 3602 1467 3664 ostentis

415 3711 580 3804 praecipue
602 3709 804 3778 movebatur.
829 3713 969 3778 Enatnm
993 3711 1078 3778 inter
1099 3711 1271 3804 juncturas
1298 3711 1466 3807 lapidum

416 3842 492 3896 ante
520 3827 657 3896 domum
688 3853 780 3896 suam
811 3827 953 3922 palmam
984 3830 1017 3896 in
1051 3827 1273 3922 compluvium
1307 3833 1466 3902 deorum

415 3949 587 4016 Penatium
614 3937 803 4032 transtulit3
829 3963 930 4039 utque
956 3946 1169 4026 coalesceret,
1198 3975 1326 4044 magno
1360 3979 1471 4048 opere

417 4068 551 4134 curavit.
573 4068 671 4159 Apud
690 4064 829 4134 insulam
849 4071 1007 4160 Capreas,
1026 4071 1206 4137 veterrimae
1226 4070 1312 4139 ilicis
1335 4073 1472 4144 demis·
