3098 5446
441 482 497 550 ηδ
840 480 870 534 C.
891 477 1064 536 SUETONll

441 605 602 700 Olympiis
620 627 697 672 vero
713 603 811 672 etiam
825 601 1063 696 decemjugem3
1083 599 1229 692 quamvis
1248 598 1281 666 id
1299 599 1398 691 ipsum
1411 601 1449 667 in⁴

442 747 518 817 rege
529 721 720 791 Mithridate
732 722 873 790 carmine
884 719 1026 813 quodam
1040 743 1099 787 suo
1115 717 1377 812 reprehendisset.
1389 719 1441 786 Sed

443 865 595 910 excussus
617 864 736 926 curru,
757 863 795 908 ac
819 863 931 908 rursus
955 838 1135 931 repositus,
1155 859 1256 929 quum
1280 835 1442 928 perdurare
1531 887 1532 900 .

444 983 511 1028 non
523 973 651 1052 posset,
666 957 788 1028 destitit
804 971 879 1026 ante
896 957 1088 1041 decursum3
1102 978 1206 1047 neque
1223 977 1261 1023 eo
1279 955 1379 1022 secius
1396 979 1442 1022 co·

444 1093 580 1148 conatus
598 1091 655 1146 est
673 1076 840 1146 Decedena
857 1075 990 1164 deinde,
1009 1075 1209 1170 provinciam
1228 1073 1402 1142 universam
1414 1069 1446 1138 li·

445 1197 569 1264 bertate
595 1195 748 1280 donavit;
772 1193 933 1286 simulque
959 1192 1084 1286 judices
1103 1192 1234 1271 civitate
1255 1213 1402 1276 romana,
1418 1205 1448 1257 et

447 1313 585 1406 pecuma
602 1311 727 1406 grandi
745 1313 827 1400 Quae
841 1310 998 1380 beneficia
1012 1335 1030 1380 e
1047 1307 1155 1378 medio
1174 1307 1296 1394 stadio,
1315 1307 1448 1376 Isthmio·

446 1456 521 1500 rum
536 1431 590 1498 die
600 1482 610 1516 ,
622 1455 683 1500 sua
697 1433 765 1523 ipse
782 1453 861 1498 voce
880 1429 1115 1522 pronunciavit.

463 1566 467 1574 '
496 1551 602 1617 XXV.
623 1551 782 1616 Reversus
802 1573 820 1614 e
840 1549 968 1617 Graecia
985 1545 1165 1640 Neapolin,
1186 1544 1274 1638 quod
1292 1547 1327 1612 in
1344 1571 1378 1612 ea
1396 1545 1451 1636 pri·

451 1681 656 1735 mumartem
671 1664 870 1760 protulerat,
886 1664 967 1734 albis
978 1667 1070 1758 equis
1082 1665 1222 1750 introiit,
1232 1663 1363 1757 disjecta
1373 1675 1452 1756 parte
1531 1731 1532 1740 ,

450 1786 555 1870 muri,
573 1797 609 1850 ut
630 1808 700 1851 mos
721 1784 962 1852 hieronicarum
985 1797 1043 1850 est.
1064 1781 1167 1852 Simili
1188 1781 1287 1850 modo
1309 1782 1453 1864 Antium,

452 1901 529 1970 inde
550 1899 734 1984 Albanum,
753 1901 829 1968 inde
846 1904 995 1970 Romam.
1014 1899 1078 1969 Sed
1094 1913 1127 1968 et
1142 1903 1280 1969 Romam
1294 1925 1334 1968 eo
1350 1923 1453 1982 curru,

452 2043 519 2111 quo
535 2021 700 2112 Augustus
714 2018 792 2086 olim
806 2021 1081 2112 triumphaverat,
1098 2034 1131 2086 et
1144 2021 1177 2086 iu
1191 2033 1279 2086 veste
1290 2040 1455 2111 purpurea,

453 2137 668 2228 distinctaque
682 2135 781 2204 stellis
798 2138 905 2206 aureis
925 2134 1111 2230 chlamyde,
1128 2159 1350 2228 coronamque
1363 2137 1456 2228 capite

452 2279 567 2348 gerens
598 2253 832 2348 olympiacum,
856 2255 968 2324 dextra
995 2277 1093 2322 manu
1119 2255 1284 2347 pythiam,
1307 2267 1458 2347 praeunte

453 2396 575 2466 pompa
599 2386 778 2442 ceterarum
802 2397 878 2440 cum
905 2371 1026 2458 titulis,
1046 2401 1063 2436 c
1076 2373 1180 2456 ubi,»
1198 2386 1231 2440 et
1249 2395 1379 2464 «quos,
1403 2395 1459 2462 quc

456 2492 664 2576 cantionum,
679 2514 785 2582 quove
808 2491 994 2558 fabularum
1014 2503 1207 2582 argumento
1225 2490 1401 2575 vicisset31·
1416 2511 1459 2556 se·

453 2607 628 2700 quentibus
656 2633 789 2677 currum
814 2610 983 2702 ovantium
1002 2609 1068 2676 ritu
1087 2606 1314 2700 plausoribus,
1334 2612 1461 2700 «Augu-
1501 2689 1504 2703 ι
1531 2661 1532 2668 ,

454 2727 596 2810 suanos,
623 2724 804 2819 militesque
821 2751 854 2794 se
882 2726 1039 2819 triumphi
1067 2727 1155 2818 ejus,
1173 2755 1190 2788 s
1220 2723 1461 2794 clamitantibus.

454 2844 601 2931 Dehinc,
617 2843 726 2913 diruto
751 2846 837 2913 Circi
858 2843 990 2912 maximi
1012 2869 1113 2931 arcu,
1130 2867 1188 2936 por
1207 2843 1387 2914 Velabrum
1407 2845 1462 2909 Fo-

456 2971 614 3052 rnmquc‘,
633 2960 793 3030 Palatium
808 2975 841 3030 et
855 2961 1038 3055 Apollinem
1054 2964 1157 3055 petiit.
1172 2961 1342 3031 incedenti
1356 2961 1466 3056 passim

457 3078 595 3146 vietimae
616 3103 723 3167 caesae,
748 3105 859 3173 sparso
885 3104 944 3174 per
966 3083 1036 3148 vias
1058 3081 1234 3148 identidem
1256 3105 1371 3168 eroco,
1390 3081 1468 3172 ioge-

458 3207 577 3286 staeque
598 3219 691 3282 aves,
710 3221 748 3265 ac
765 3197 927 3284 lemnisci,
947 3213 980 3266 et
994 3197 1139 3268 bellaria.
1156 3203 1270 3269 Sacrae
1285 3223 1423 3270 coronas
1439 3198 1468 3263 io

458 3311 616 3380 cubiculis
633 3315 755 3384 circum
776 3315 874 3385 lectos
892 3317 1001 3410 posuit
1018 3343 1025 3385 :
1042 3319 1120 3386 item
1137 3332 1260 3386 statuas
1282 3343 1360 3388 suas
1378 3317 1471 3386 citha·

459 3429 581 3500 roedicc
598 3431 730 3519 habitu3
745 3459 810 3526 qua
830 3451 909 3503 nota
932 3437 1030 3504 etiam
1050 3460 1224 3504 nummum
1240 3439 1411 3530 percussit.
1430 3439 1472 3504 lle

459 3550 617 3641 posthaec
632 3565 760 3620 tantum
776 3553 881 3622 abfuit
892 3578 912 3622 a
924 3553 1120 3622 remittendo
1130 3553 1337 3648 laxandoque
1352 3554 1474 3635 studio,

460 3682 513 3754 ut,
539 3669 767 3738 conservandae
790 3673 879 3740 vocis
897 3673 1019 3764 gratia,
1038 3697 1147 3764 neque
1173 3673 1291 3742 milites
1314 3696 1476 3766 unquam,

461 3786 523 3852 nisi
555 3787 686 3890 abseos,
710 3803 767 3857 aut
793 3789 858 3858 alio
883 3791 981 3860 verba
1008 3793 1260 3883 pronunciante,
1284 3790 1477 3885 appellarit,

461 3927 565 3995 neque
585 3907 758 3998 quicquam
776 3909 860 3976 serio
875 3909 993 3998 jocove
1009 3911 1130 4002 egerit,
1150 3912 1212 3980 nisi
1228 3911 1383 3980 adstante
1401 3911 1479 4003 pho-

463 4045 579 4108 nasco,
596 4026 653 4116 qni
669 4041 832 4111 moneret,
842 4041 987 4119 parceret
1000 4031 1142 4118 arteriis,
1156 4055 1194 4100 ac
1205 4030 1379 4100 sudarium
1392 4029 1434 4099 ad
1448 4051 1481 4096 os
