3114 5446
450 530 503 596 164
853 529 882 582 C.
901 526 1077 582 SUETONII

448 654 704 726 necessitudines
724 652 905 749 reliquas),
927 652 982 720 diu
1001 663 1192 734 cunctatus,
1209 674 1250 718 an
1269 647 1330 718 sibi
1348 673 1463 722 succes·

447 800 553 846 sorem
567 775 759 860 destinaret,
772 773 997 869 adoptandum
1008 775 1141 844 Tiberio
1153 773 1279 844 dederit
1293 798 1300 840 :
1314 774 1361 842 sic
1375 771 1463 867 vulgo

449 893 650 982 favorabilis,
665 909 701 962 ut
717 893 852 987 plurimi
870 892 1014 980 tradant,
1025 894 1154 986 quoties
1166 891 1278 985 aliquo
1289 891 1464 978 adveniret,

447 1013 498 1083 vel
518 1013 655 1083 sicunde
672 1012 872 1100 discederet,
896 1037 964 1106 prae
982 1012 1080 1081 turba
1101 1013 1345 1082 occurrentium
1362 1034 1464 1103 prose·

445 1135 660 1226 quentiumve
687 1156 929 1224 nonuunquam
950 1156 1026 1200 eum
1047 1129 1223 1200 discrimen
1247 1131 1323 1200 vitse
1344 1129 1463 1198 adisse:

446 1277 464 1322 e
485 1253 664 1324 Germania
684 1277 783 1340 vero,
802 1265 877 1346 post
893 1275 1114 1345 compressam
1133 1247 1345 1334 seditionem,
1365 1272 1465 1318 reter-

447 1373 546 1459 tenti,
568 1373 782 1467 praetorianas
802 1371 952 1440 cohortes
973 1371 1140 1440 universas
1162 1368 1308 1464 prodisse
1326 1368 1464 1451 obvians,

446 1492 596 1584 quamvis
617 1492 871 1586 pronunciatum
889 1503 990 1577 esset,
1009 1503 1046 1558 ut
1066 1488 1140 1558 duae
1159 1486 1390 1557 tantummodo
1405 1489 1465 1555 exi·

446 1623 541 1694 rent;
564 1609 679 1704 populi
703 1625 814 1680 autem
840 1611 968 1679 romani
991 1633 1123 1692 sexum,
1146 1623 1298 1695 aetatem,
1323 1607 1464 1677 ordinem

446 1753 578 1798 omnem
597 1753 701 1822 usque
720 1729 762 1798 ad
782 1731 972 1798 vicesimum
994 1726 1137 1821 lapidem
1158 1727 1310 1796 effudisse
1332 1752 1377 1796 se.

493 1854 535 1920 V.
553 1852 677 1918 Tamen
696 1848 794 1945 longe
813 1852 938 1943 majora
958 1864 991 1918 et
1010 1849 1157 1918 firmiora
1177 1847 1218 1916 de
1236 1871 1275 1915 eo
1293 1846 1417 1940 judicia
1437 1847 1467 1914 in

447 1982 554 2036 morte
573 1991 612 2038 ac
629 1983 703 2062 post
721 1984 861 2038 mortem
875 1970 1033 2037 exstitere.
1052 1971 1130 2057 Quo
1150 1967 1323 2036 defunctus
1339 1981 1390 2036 est
1403 1965 1467 2050 die,

446 2083 590 2180 lapidata
607 2104 684 2157 sunt
700 2088 838 2182 templa,
854 2089 1015 2157 subversae
1030 2087 1128 2156 deum
1145 2112 1223 2174 erse,
1243 2091 1345 2156 Lares
1365 2111 1384 2154 a
1399 2087 1467 2178 qui-

447 2204 587 2272 busdam
602 2204 776 2276 familiares
790 2209 824 2276 in
837 2207 1005 2300 publicum
1019 2207 1150 2301 abjecti,
1164 2220 1278 2301 pactus
1293 2207 1469 2300 conjugum

447 2324 596 2414 expositi.
625 2325 716 2412 Quin
740 2339 773 2394 et
793 2325 951 2396 barbaros
973 2325 1101 2410 ferunt,
1121 2325 1241 2418 quibus
1261 2327 1469 2406 intestinum,

446 2427 632 2535 quibusque
648 2444 802 2514 adversus
818 2471 877 2514 nos
890 2445 1013 2514 bellum
1027 2461 1123 2532 esset,
1138 2444 1227 2514 velut
1243 2446 1277 2513 in
1294 2445 1471 2513 domestico

446 2565 680 2656 communique
697 2589 855 2650 moerore,
871 2569 1072 2636 consensisse
1090 2565 1132 2634 ad
1150 2565 1298 2634 inducias
1317 2591 1326 2633 :
1345 2561 1471 2658 regulos

448 2683 611 2776 quosdam
626 2685 763 2754 barbam
774 2687 932 2780 posuisse,
950 2701 983 2755 et
1003 2711 1145 2756 uxorum
1159 2687 1267 2778 capita
1284 2687 1415 2770 rasisse,
1435 2683 1473 2751 ed

443 2803 606 2900 'indicium
633 2807 765 2873 maximi
785 2804 917 2875 luctus:
936 2831 1052 2900 regum
1074 2808 1171 2874 etiam
1193 2831 1303 2901 regem
1322 2821 1359 2873 et
1390 2827 1475 2873 exer·

446 2925 600 2992 citatione
620 2923 778 3010 venandi,
800 2939 832 2991 et
849 2927 1001 2994 convictu
1021 2927 1239 3019 megistanum
1260 2924 1473 3004 abstinuisse,

447 3041 537 3131 quod
556 3040 643 3133 apud
662 3044 801 3111 Parthos
814 3044 932 3134 justitii
952 3045 1054 3113 instar
1071 3061 1130 3113 est.

494 3161 553 3225 Vl.
573 3163 687 3228 Rornae
706 3161 858 3254 quidem,
876 3189 978 3256 quum
996 3165 1037 3232 ad
1054 3167 1194 3258 primam
1211 3165 1331 3234 famam
1348 3163 1476 3234 valetu-

448 3275 536 3344 dinis
552 3281 691 3348 attonita
711 3295 744 3348 et
762 3297 876 3351 moestu
891 3284 1003 3351 civitas
1022 3298 1194 3377 sequentes
1211 3285 1353 3354 nuncios
1375 3307 1478 3378 oppe-

447 3397 579 3484 riretur,
597 3411 630 3464 et
647 3415 781 3491 repente
797 3401 866 3492 jam
886 3405 1012 3496 vesperi
1032 3404 1164 3472 incertis
1182 3403 1379 3474 auctoribus
1398 3429 1480 3472 con-

446 3513 587 3584 valuisse
609 3517 742 3587 tandem
766 3521 1021 3613 percrebuisset,
1046 3526 1166 3617 passim
1188 3549 1264 3593 cum
1292 3523 1480 3604 luminibus

447 3648 480 3702 et
498 3637 639 3704 victimis
660 3639 694 3705 in
717 3637 919 3732 Capitolium
939 3667 1138 3714 concursum
1162 3661 1231 3732 est,
1251 3671 1289 3716 ac
1309 3671 1412 3740 paene
1430 3671 1481 3714 re·

447 3751 546 3822 vulsae
574 3757 688 3850 templi
715 3759 825 3843 fores,
853 3787 895 3830 ne
921 3765 1001 3856 quid
1027 3767 1202 3859 gestientes
1230 3779 1308 3835 vote
1341 3766 1484 3836 reddere

447 3889 663 3944 morarentur.
683 3881 938 3975 Expergefactus
954 3909 973 3952 e
991 3908 1106 3954 somno
1123 3885 1273 3954 Tiberius
1291 3901 1345 3954 est
1364 3899 1481 3980 gratu·

446 3988 585 4062 lantium
599 3999 752 4084 vocibus,
765 4015 862 4093 atque
881 4003 1027 4096 undique
1047 4005 1308 4092 concinentium,
1328 4035 1347 4069 α
1364 4009 1483 4076 Ssnvs

447 4111 569 4202 lions,
580 4139 687 4186 ssnvs
702 4142 843 4207 essem,
856 4145 981 4194 ssnvus
997 4147 1055 4193 nsr
1069 4121 1314 4194 Genusurcusl
1326 4153 1346 4190 s
1360 4125 1430 4195 Sed
1449 4141 1487 4194 ut
