3098 5446
499 487 712 544 VITELLIUS.
1092 485 1128 542 33

95 637 204 692 narum
227 610 383 700 lactes,a
411 612 546 680 Parthia
569 637 676 706 usque
695 611 847 704 fretoque
868 610 1041 706 hispanico
1068 635 1129 705 per

92 733 265 804 nauarchos
277 757 315 802 ac
329 732 479 802 triremes
493 733 692 826 petitarum,
707 731 930 802 commiscuit.
949 733 997 800 Ut
1014 745 1128 801 autem

91 855 182 936 homo
203 847 271 923 non
297 849 473 946 profunde
500 837 620 939 niodo,
650 849 709 920 sed
731 851 971 945 intempestivae
993 874 1129 945 quoque

92 1000 125 1044 ae
141 971 284 1044 sordidae
301 970 405 1068 gula,
428 997 470 1041 ne
492 973 527 1040 in
545 971 708 1042 sacrificio
728 969 865 1065 quidem
885 995 1053 1065 unquam,
1072 985 1131 1040 aut

91 1098 202 1166 itinere
218 1093 290 1165 ullo
305 1095 521 1189 temperavit,
536 1096 619 1188 quin
639 1095 725 1164 inter
742 1093 861 1163 altaria
875 1093 998 1162 ibidem
1017 1095 1130 1164 statim

91 1217 193 1296 viscus
216 1231 250 1294 et
264 1215 369 1304 fama,
389 1239 483 1310 paene
505 1229 633 1310 raptae
651 1214 743 1302 socc,
763 1214 954 1304 manderet,
972 1215 1130 1314 circaque

91 1338 214 1406 riarum
234 1337 375 1432 popinas
401 1334 564 1405 fumantia
579 1335 741 1430 opsonia,
760 1332 810 1404 vel
832 1333 1009 1428 pridiana,
1027 1348 1128 1428 atque

91 1482 219 1526 semesa.

132 1580 226 1650 XIV.
254 1580 385 1648 Pronus
412 1603 493 1648 vero
524 1577 567 1648 ad
593 1580 772 1673 cujusque,
802 1594 837 1648 et
863 1602 1066 1673 quacunque
1089 1577 1132 1648 de

92 1723 205 1786 causa,
222 1721 339 1766 necem
357 1712 458 1792 atque
473 1696 689 1792 supplicium,
705 1697 832 1768 nobiles
851 1700 955 1787 viros,
970 1698 1133 1769 condisci-

94 1817 186 1912 pulos
212 1832 247 1887 et
265 1816 406 1912 aequales
432 1842 525 1908 suos,
545 1819 701 1888 omnibus
721 1817 893 1888 blanditiis
913 1833 1044 1889 tantum
1063 1843 1132 1890 non

94 1937 133 2008 ad
150 1940 339 2008 societatem
367 1939 497 2034 imperii
515 1938 734 2026 allicefactos,
753 1941 846 2008 vario
864 1964 983 2034 genere
1004 1939 1131 2010 fraudis

94 2058 214 2129 occidit
240 2085 249 2127 :
279 2060 378 2128 etiam
407 2083 514 2142 unum
543 2084 690 2146 veneno,
708 2084 811 2129 manu
840 2085 900 2130 sua
925 2076 1080 2154 porrecto
1098 2063 1133 2131 in

95 2203 187 2273 aquae
201 2177 331 2274 frigidae
342 2180 494 2273 potione,
508 2204 607 2273 quam
622 2181 649 2249 is
665 2179 803 2278 allectus
817 2180 910 2249 febre
924 2196 1132 2276 poposcerat.

90 2303 184 2384 Tum,
199 2298 425 2386 feneratorum
456 2313 491 2367 et
516 2297 768 2395 stipulatorum,
792 2299 1134 2396 publicanorumque,

94 2421 151 2514 qui
176 2443 327 2513 unquam
350 2443 385 2488 se
403 2434 463 2488 aut
483 2421 599 2490 Romae
615 2419 780 2508 debitum,
800 2435 858 2490 aut
878 2423 913 2491 in
939 2424 994 2492 via
1013 2439 1130 2518 porto·

93 2542 178 2610 rium
199 2539 422 2634 flagitassent,
438 2540 492 2608 vix
507 2537 568 2609 ulli
583 2543 741 2636 pepercit.
752 2545 803 2610 Ex
816 2542 938 2635 quibus
954 2543 1132 2636 quemdam

88 2663 121 2730 iu
140 2664 214 2756 ipsa
232 2658 431 2747 salutatione
451 2640 616 2756 supplicio
639 2659 816 2747 traditum,
836 2664 1016 2756 statimque
1040 2687 1144 2733 revo··

89 2795 203 2853 catum
214 2831 224 2868 ,
237 2781 367 2851 cunctis
381 2778 593 2871 clementiam
610 2779 841 2866 laudantibus,
856 2806 968 2850 coram
990 2781 1135 2852 interfici

85 2902 208 2994 jussit,
226 2898 336 2971 «velle
355 2925 405 2990 se,
420 2929 437 2966 r
455 2899 587 2988 dicens,
606 2925 772 2996 «pascere
801 2899 916 2970 oculos
935 2927 944 2969 :
963 2931 980 2966 a
999 2899 1136 2972 alterius

88 3020 299 3115 poeuaeduos
318 3019 406 3091 filios
432 3020 573 3114 adjecit,
599 3019 771 3116 deprecari
793 3046 855 3117 pro
874 3036 969 3117 patre
986 3036 1134 3094 conatos.

87 3141 149 3212 Sed
168 3155 204 3211 ct
220 3142 367 3235 equitem
384 3166 561 3212 romanum
578 3140 862 3237 proclamantem,
880 3167 985 3236 quum
1004 3167 1138 3238 rapere-

89 3276 141 3332 tur
157 3261 203 3348 ad
227 3285 376 3355 poenam,
401 3291 418 3326 a
433 3266 536 3332 Heres
557 3286 650 3331 meus
667 3286 717 3350 es,
731 3291 748 3326 a
763 3263 920 3332 exhibere
949 3265 1138 3334 testamenti

88 3381 220 3453 tabulas
253 3385 391 3480 coegit:
421 3396 526 3477 utque
541 3380 642 3478 legit,
670 3381 868 3452 coheredem
897 3383 960 3452 sibi
982 3382 1139 3454 libertum

89 3503 157 3596 ejus
181 3505 387 3600 ascriptum,
402 3502 550 3599 jugulari
574 3527 652 3572 cum
678 3501 798 3573 liberto
815 3505 1003 3598 imperavit.
1025 3505 1138 3594 Quos·

89 3621 166 3692 dam
190 3641 225 3694 et
252 3625 295 3694 de
319 3623 415 3720 plebe
439 3624 484 3693 ob
508 3623 543 3692 id
566 3625 693 3718 ipsum,
716 3623 823 3718 quod,
842 3639 970 3694 venetae
1000 3625 1138 3694 factioni

87 3740 179 3813 clare
205 3743 462 3832 maledixerant,
490 3745 679 3831 interemit;
713 3758 884 3815 contemtu
907 3746 975 3833 sui,
997 3759 1033 3814 et
1049 3769 1138 3814 nova

88 3885 150 3955 spe
174 3863 209 3932 id
228 3889 342 3955 ausos,
372 3867 539 3961 opinatus.
566 3863 675 3934 Nullis
697 3877 809 3934 tamen
833 3864 1005 3954 infensior,
1034 3889 1137 3957 quam

89 3985 280 4072 vernaculis
297 4003 334 4057 et
359 3987 622 4075 mathematicis,
640 3987 835 4082 utquisque
854 3985 1065 4081 deferretur,
1085 3987 1138 4055 in·
1248 4053 1255 4068 „

88 4104 244 4176 auditum
273 4110 382 4204 capite
407 4109 586 4205 puniebat3
608 4109 837 4195 exacerbatus,
857 4107 948 4202 quod
969 4122 1046 4203 post
1069 4107 1139 4178 edi·

240 4253 276 4297 n.
599 4265 602 4270 ·
973 4226 994 4297 3
1042 4321 1047 4334 ¹
