3108 5434
377 559 565 616 ocrrvws
587 560 782 618 AUGUSTUS
1053 561 1106 618 rrd

74 697 197 779 propter
218 685 300 752 anni
324 699 477 778 tempus,
496 708 602 778 quum
621 684 765 756 interdiu
787 686 821 756 in
840 683 975 756 basilica
997 687 1108 781 cujus·

74 829 122 898 que
136 803 274 899 oppidi,
290 801 345 873 rel
364 806 399 874 in
418 805 539 874 aedium
556 829 726 876 sacrarum
745 809 909 896 maxima,
927 831 1106 903 reponere-

72 939 123 994 tur.
143 928 174 996 t
191 922 331 994 Bovillis
348 939 502 1019 equester
518 923 603 994 ordo
620 927 783 1021 suscepit,
803 927 956 1022 Urbique
975 925 1107 1016 intulit,

72 1058 156 1139 atque
169 1047 207 1113 iu
222 1043 388 1115 vestibulo
402 1044 521 1114 domus
535 1041 719 1118 collocavit.
734 1049 876 1117 Senatus
892 1059 926 1116 et
941 1048 976 1116 in
990 1045 1107 1118 funere

73 1163 228 1252 ornando,
245 1181 281 1234 et
298 1166 334 1234 in
350 1167 512 1236 memoria
532 1165 745 1253 honoranda,
763 1191 804 1236 eo
824 1167 935 1237 studio
955 1168 1107 1238 certatim

73 1309 256 1382 progressus
279 1300 344 1374 est,
367 1299 406 1356 ut
424 1287 513 1356 inter
532 1285 596 1356 alia
619 1285 794 1382 complura
817 1289 1009 1358 censuerint
1032 1288 1108 1384 qui·

73 1404 152 1494 dam,
181 1405 286 1476 furnus
311 1405 508 1502 triumphali
536 1423 634 1503 porta
662 1406 874 1498 ducendum,
900 1406 1108 1503 praecedente

70 1527 225 1614 Victoria,
247 1549 323 1620 quse
342 1541 392 1596 est
412 1527 447 1596 in
472 1529 581 1614 curia,
602 1527 797 1598 canentibus
817 1529 959 1598 naeniam
981 1529 1107 1624 princi·

70 1669 136 1739 pum
156 1645 274 1716 liberis
295 1647 468 1742 utriusque
488 1671 584 1718 sexus
604 1673 612 1716 :
634 1645 705 1738 alii,
725 1649 957 1743 exsequiarum
976 1648 1030 1719 dic
1048 1673 1109 1744 po·

71 1765 184 1836 nendos
200 1763 346 1836 annulos
360 1791 495 1856 aureos,
510 1766 702 1861 ferreosque
717 1767 895 1837 sumendos
909 1793 917 1836 ε
935 1766 1108 1857 nonnulli,

69 1881 197 1983 legenda
230 1911 306 1956 ossa
334 1911 396 1981 per
426 1885 612 1956 sacerdotes
642 1911 851 1956 summorum
879 1886 1106 1984 collegiorum.

70 2007 132 2075 luit
146 2021 202 2093 et,
222 2007 284 2100 qui
305 2002 475 2094 suaderet,
493 2003 751 2102 appellationem
770 2007 892 2077 mensis
911 2009 1055 2103 Augusti
1073 2007 1108 2076 in

69 2124 287 2222 Septembrem
308 2123 571 2196 transferendam
593 2153 602 2196 ε
621 2126 711 2221 quod
735 2127 799 2197 boc
820 2129 953 2224 genitus
972 2131 1105 2224 Augus·

67 2259 127 2336 tus,
143 2247 205 2317 illo
222 2245 402 2318 defunctus
417 2262 517 2334 csset3
535 2245 636 2337 alius,
651 2263 689 2318 ut
705 2273 804 2318 omne
820 2262 952 2345 tempus
966 2275 986 2319 a
1000 2252 1109 2345 primo

69 2365 112 2436 die
130 2365 238 2437 natali
261 2367 304 2436 ad
326 2369 453 2438 exitum
476 2369 565 2463 ejus,
580 2365 728 2438 seculum
746 2373 938 2466 Augustum
960 2369 1109 2467 appella·

67 2501 163 2576 retur,
178 2503 214 2557 et
230 2489 279 2558 ita
296 2489 331 2556 in
349 2487 450 2558 fastos
465 2487 653 2558 referretur.
671 2491 817 2575 Verum,
835 2487 984 2559 adhibito
1000 2490 1108 2560 bono-

66 2607 149 2678 ribus
166 2608 292 2698 modo,
313 2608 467 2679 bifariam
484 2607 639 2679 laudatus
657 2624 708 2679 est
726 2635 735 2678 τ
754 2634 817 2704 pro
837 2609 906 2680 aede
927 2613 970 2680 D.
992 2609 1071 2680 Julii
1090 2637 1110 2680 a

66 2730 210 2818 liberio,
227 2743 265 2800 et
284 2755 348 2826 pro
368 2731 486 2799 rostris
502 2730 670 2800 veteribus
691 2755 711 2799 a
729 2733 860 2819 Druso,
879 2731 1002 2800 Tiberii
1021 2728 1109 2818 fili03

65 2873 99 2918 ac
107 2865 306 2922 senatorum
320 2851 468 2920 humeris
480 2848 610 2920 delatus
622 2852 657 2920 in
669 2853 850 2945 Campum,
867 2865 1108 2944 crematusquc.

67 2971 128 3040 llee
144 2971 256 3042 defuit
270 2973 323 3040 vir
332 2973 526 3067 pretorius,
543 2971 601 3065 qui
616 2995 651 3040 se
664 2970 809 3068 effigiem
822 2971 959 3040 cremati
974 2985 1109 3040 euntem

65 3091 244 3164 incoelum
267 3091 388 3162 vidisse
410 3093 549 3188 juraret.
573 3090 743 3186 Reliquias
767 3091 922 3188 legerunt
945 3092 1108 3188 primores

63 3216 224 3305 equestris
247 3211 394 3301 ordinis,
412 3213 551 3282 tunicati
573 3227 607 3281 et
628 3211 796 3301 discincti,
817 3211 1026 3307 pedibusque
1043 3235 1108 3280 nu·

64 3329 126 3420 dis,
146 3361 188 3405 ac
205 3329 379 3403 mausoleo
393 3331 626 3402 condiderunt.
644 3331 684 3400 Id
700 3356 785 3426 opus
802 3333 890 3400 iuter
906 3330 1106 3402 Flaminiam

63 3455 147 3523 riam
164 3457 345 3551 ripamque
359 3453 488 3523 ‘liberis
503 3467 595 3522 sexto
611 3476 672 3521 suo
690 3451 864 3521 consulatu
879 3465 1108 3535 exstruxerat3

60 3574 359 3671 circumjectasque
381 3573 479 3644 silvas
502 3587 536 3643 ct
559 3571 801 3642 ambulationes
823 3574 857 3642 in
875 3597 974 3642 usum
992 3569 1109 3666 populi

59 3694 124 3784 jam
143 3711 219 3765 tum
234 3693 434 3791 publicarat

106 3819 169 3886 CL
190 3818 465 3902 Testamentum,
488 3816 527 3882 L.
548 3811 692 3902 Planco,
716 3816 755 3883 C.
787 3811 869 3883 Silio
897 3809 1110 3895 consulibus,

1 3961 2 3972 ¹
58 3938 162 4006 tatio
183 3937 301 4005 Nonas
321 3935 465 4031 Aprilis,
484 3949 562 4004 ante
587 3959 711 4006 annum
736 3949 768 4004 et
792 3949 938 4030 quatuor
960 3957 1108 4020 meuses,

1 4139 2 4144 γ
55 4079 162 4148 quam
188 4055 381 4144 decederet,
404 4055 528 4124 sactum
554 4056 595 4124 ab
621 4081 679 4144 eo,
702 4081 742 4124 ac
769 4055 900 4124 duobus
923 4052 1110 4138 codicibus,

53 4179 188 4267 partim
215 4178 336 4268 ipsius,
356 4177 480 4270 partim
501 4174 697 4245 libertorum
723 4173 850 4269 Polybii
874 4189 908 4242 et
931 4171 1110 4241 Hilarionis

932 4293 963 4362 8.
