3208 5430
449 493 481 552 31
493 505 504 562 't
903 501 1018 558 NOTAE

489 612 591 668 Virum.
606 615 689 670 Hunc
705 615 832 670 nominat
845 611 967 686 lupuit,
981 613 1030 669 ub.
1044 633 1124 688 sup,
1138 635 1167 690 p.
1187 616 1243 686 765
1262 637 1269 672 ε
1285 629 1394 679 [umes
1406 617 1454 680 ln·⁴

445 714 507 778 uiues
520 713 644 768 emtam
658 717 685 766 le
697 722 739 768 soi
753 709 890 784 euusdpicu.
906 715 942 766 tn
961 718 1068 784 ὀρχιῑτο.

484 797 637 852 Probrosis.
658 798 692 852 H.
711 815 734 854 e.
750 817 812 871 quae
826 798 956 854 adulterii
970 798 1107 870 probrum
1122 796 1151 852 in
1165 816 1194 852 se
1214 798 1389 855 admiserant.

484 885 635 943 Scantinia.
651 891 693 944 Al.
714 889 848 958 Scatinia,
864 890 943 964 quod
959 907 1039 962 seque
1056 895 1172 944 rectum.
1187 891 1244 946 Lex
1259 901 1351 946 eutem
1365 893 1410 946 illa
1426 894 1457 946 de

445 975 569 1046 nefanda
588 980 692 1034 Venere
702 980 758 1034 late
775 990 815 1036 est
830 998 846 1036 a
859 979 982 1035 Scatinio
996 978 1133 1052 quodum,
1147 983 1181 1034 A.
1199 982 1231 1036 U.
1256 981 1320 1036 526.

482 1071 608 1124 Prebm...
620 1073 784 1144 posteriora.
799 1074 841 1128 Ex
855 1071 1036 1144 sequentibus
1054 1071 1119 1124 satis
1132 1081 1228 1142 potere
1239 1071 1353 1125 videtur
1364 1075 1457 1144 priora

444 1170 471 1216 et
476 1164 635 1232 posteriora
649 1163 685 1217 ad
694 1145 846 1218 Domitiboi
860 1161 1050 1236 principatum
1063 1161 1169 1232 pariter
1182 1161 1325 1216 reserenda
1337 1181 1412 1230 esse,
1425 1163 1457 1216 ita

442 1260 474 1306 ut
483 1253 563 1324 peries
577 1255 701 1326 capitale
714 1256 796 1308 morlo
811 1254 978 1326 supplicium
988 1263 1122 1306 statueret
1126 1271 1165 1318 ;...
1176 1265 1292 1324 postea,
1305 1271 1394 1326 quum
1408 1272 1456 1326 pa·

441 1361 504 1396 rum
523 1363 553 1398 se
570 1345 720 1416 profecisse
740 1345 885 1400 elementia
909 1343 1037 1410 uidisset,
1054 1361 1128 1396 more
1146 1344 1249 1408 ueteri,
1269 1343 1298 1397 in
1320 1343 1458 1400 convictus

441 1433 688 1504 animadverteret,
706 1437 733 1490 b.
748 1455 771 1492 e.
794 1455 802 1490 r
825 1461 835 1484 a
849 1435 991 1508 Virginem
1005 1433 1117 1504 defodi,
1132 1443 1306 1504 stupratores
1324 1435 1410 1508 virgis
1427 1436 1458 1489 ed

440 1541 534 1578 necem
551 1527 619 1580 caedi
635 1527 779 1597 juberet.»
793 1529 835 1580 De
854 1527 909 1581 hoc
922 1545 997 1580 inore
1014 1527 1106 1579 ueteri
1122 1524 1164 1579 Cl.
1185 1526 1274 1580 Dion.
1293 1525 1380 1594 Heu,
1399 1531 1457 1580 Ant.

440 1615 534 1682 llum,
550 1636 591 1686 rr,
609 1636 638 1690 p.
659 1637 721 1688 ης,
737 1629 764 1672 et
779 1621 955 1684 Procerum,
968 1615 998 1672 iu
1016 1618 1093 1671 Num.
1102 1655 1111 1680 ,
1129 1634 1158 1688 p.
1173 1615 1220 1684 67.

482 1707 556 1762 Viro.
568 1709 650 1764 lluud
660 1711 758 1765 scioun
767 1708 879 1764 Valerio
887 1707 1042 1776 Liciniano,
1052 1708 1088 1761 dc
1098 1725 1156 1779 quo
1163 1707 1247 1772 Ptin,
1257 1707 1357 1780 Epr'sc,
1365 1727 1405 1776 rr,
1418 1727 1427 1762 r
1438 1729 1458 1762 ι.

476 1801 541 1854 Cir.
557 1802 603 1856 lX.
622 1803 708 1866 Reos,
724 1802 778 1872 qui,
794 1799 828 1853 ll.
844 1819 868 1856 e.
884 1819 1005 1873 quorum
1022 1799 1134 1853 nomina
1151 1809 1215 1852 autc
1233 1799 1458 1871 quinquennium

438 1891 476 1945 ob
492 1911 527 1946 nes
540 1891 659 1945 alienum
674 1892 709 1946 od
721 1891 829 1962 judices
844 1891 948 1958 delata,
964 1890 1108 1962 proposita
1123 1888 1214 1943 udlruc
1228 1888 1256 1942 iu
1271 1890 1369 1943 erario
1387 1909 1458 1962 pen·

437 1983 550 2050 decent,
570 2001 600 2036 re
618 1983 744 2037 nondum
765 1981 960 2053 dijudicatae...
976 1999 1137 2053 (quanquam
1155 1967 1182 2033 b.
1207 1981 1224 2034 l.
1246 1981 1354 2034 nonde
1371 1984 1457 2035 erarii

437 2081 544 2126 tuntum
559 2073 750 2140 debitoribus,
769 2073 817 2126 sed
845 2071 986 2126 diuturnis
1007 2071 1121 2125 omnino
1147 2069 1201 2123 reis
1222 2089 1380 2125 sermonem
1402 2089 1458 2125 csse

436 2163 603 2218 Cnsaubono
620 2165 831 2218 concedendum
846 2173 873 2217 et
893 2163 1028 2216 Ernestio.

476 2254 603 2309 Clodium
623 2257 722 2328 legem.
743 2257 785 2310 De
799 2256 850 2309 huc
866 2255 935 2308 nihil
951 2261 1066 2308 constat.

472 2347 618 2401 Subsiciva.
635 2349 669 2402 H.
686 2366 710 2404 e.
733 2358 885 2420 parteseae
901 2365 965 2420 quse
977 2347 1054 2400 velut
1074 2343 1199 2416 reliquie
1212 2355 1276 2418 post
1291 2345 1454 2400 divisionem

435 2437 633 2509 superfuerunt
647 2447 673 2492 et
691 2438 727 2492 de
742 2456 861 2511 quarum
879 2436 1054 2510 possessione
1070 2439 1267 2490 controversie
1285 2437 1455 2490 intercedere

433 2529 567 2583 solebant.

472 2622 597 2674 llic-aler
616 2623 781 2676 calumnias.
801 2621 836 2676 Η.
852 2637 867 2675 e
883 2619 965 2675 salsus
979 2618 1132 2674 delationes
1146 2616 1183 2672 nd
1198 2619 1379 2677 commodum
1397 2620 1454 2678 fisci

432 2711 567 2766 adversus
586 2711 659 2768 cives
674 2713 801 2768 intentus.

470 2805 534 2860 Cur.
556 2805 593 2861 X.
608 2805 727 2860 Paridis.
744 2807 784 2858 De
801 2822 858 2876 quo
875 2803 940 2858 vide
953 2821 1029 2875 sup,
1045 2821 1102 2856 mv.

473 2896 600 2968 lli'gruras.
619 2897 651 2950 ll.
666 2913 690 2951 e.
711 2896 825 2968 oblique
839 2895 868 2950 iu
886 2914 914 2950 se
929 2896 1011 2950 dicto.

470 2987 643 3042 Munerario„
657 2987 691 3040 ll.
707 3005 731 3042 e.
746 2986 922 3054 Domitiano,
938 2987 987 3058 qui
1001 3005 1103 3040 munus
1117 2983 1225 3038 edebat.

472 3079 673 3132 Parmnlarius.
694 3080 729 3132 ll.
757 3097 780 3133 e.
811 3079 860 3151 qui
883 3079 1022 3133 Threcum
1042 3087 1189 3133 armature
1216 3075 1308 3144 saret3
1331 3077 1449 3132 Threce

430 3171 503 3222 enirn
519 3188 644 3240 parmam
658 3159 802 3242 gerebant

470 3263 653 3314 Salvidienum
665 3261 789 3330 Orfitum.
803 3259 935 3315 Cil‘uru.
945 3263 1056 3332 ,Apelt
1070 3262 1122 3316 Vir.
1131 3301 1140 3328 ,
1158 3279 1218 3328 vn,
1239 3267 1287 3326 rt,
1301 3269 1407 3324 etun,
1422 3258 1447 3312 3.

468 3353 587 3406 Acilium
603 3353 787 3406 Glabrionem.
803 3352 844 3408 Cf.
859 3353 997 3420 Kionin,
1017 3371 1110 3422 mvn,
1127 3373 1155 3426 p.
1173 3353 1239 3421 766.

466 3444 568 3496 AElium
588 3442 1013 3512 mniiam.tuvena1is,sn.n,
1031 3443 1082 3510 ¹54
1098 3465 1106 3498 t

571 3647 628 3660 ....
641 3615 692 3660 lloc
706 3612 786 3662 nocuit
800 3614 932 3663 lamiarum
945 3615 1008 3664 cede
1023 3609 1133 3666 madebti.

463 3805 588 3853 Εὺτικτῶ.
601 3795 775 3848 Dicebantur
785 3802 907 3852 iteranti
918 3793 968 3866 qui
982 3791 1177 3848 conservande
1187 3792 1264 3848 vocis
1277 3811 1359 3850 causa
1369 3793 1443 3848 omni

424 3883 540 3938 libidine
555 3885 747 3952 abstinebant,
762 3883 792 3938 id
799 3885 879 3958 quod
893 3903 922 3938 se
935 3903 1052 3958 quoque
1066 3887 1158 3940 iacere
1180 3904 1231 3958 per
1243 3886 1339 3957 jocum
1349 3884 1441 3940 Lamia

423 3974 546 4034 dicebat.
564 3977 611 4030 cui
624 3977 802 4031 Domitianus
816 3977 912 4030 uxoris
927 3996 1007 4030 usum
1028 3977 1181 4050 eripuisset.

463 4077 549 4131 θέλεις.
565 4066 626 4120 Hoc
644 4067 720 4120 varie
740 4067 959 4140 interpretantur
974 4068 1050 4122 docti
1064 4069 1115 4122 viri
1130 4089 1136 4122 ε
1151 4071 1190 4123 Cl.
1207 4071 1283 4124 Herse
1297 4069 1440 4132 assentior,
