3168 5440
526 559 773 618 DOMITIANUS.
1137 583 1170 634 71

129 710 233 777 nuere
252 712 260 756 ι
280 683 337 754 sed
354 709 459 780 quum
473 699 511 754 et
528 685 710 754 obnoxium
728 711 763 756 se
778 685 933 758 Bnrbaris
950 712 1011 783 per
1023 688 1088 760 boc
1103 692 1175 760 ani·

129 808 370 897 madverteret,
399 833 505 903 neque
528 834 570 879 ec
595 811 703 879 secius
728 811 763 879 in
790 809 991 904 explicandis
1016 815 1175 884 oneribus

128 935 280 1021 haereret,
298 930 380 1022 nibil
393 933 486 1026 pensi
500 932 628 1019 babuit,
643 933 724 1026 quin
736 932 941 1026 praedaretur
955 936 1047 1004 omni
1062 933 1173 1021 modo.

127 1057 223 1124 Eone
238 1054 391 1123 rivorum
407 1078 445 1123 ac
466 1069 676 1126 mortuorum
697 1077 953 1148 usquequaque,
971 1054 1123 1148 quolibet
1141 1071 1176 1125 et

128 1189 321 1246 accusatore
340 1188 374 1242 et
389 1176 550 1262 crimine,
564 1174 844 1270 corripiebantur.
861 1175 947 1244 Satis
965 1189 1053 1262 erat,
1071 1175 1176 1269 objici

129 1294 360 1389 qualecunque
373 1295 496 1364 factum
511 1295 681 1364 dictumve
693 1294 850 1366 adversus
864 1297 1070 1389 majestatem
1086 1297 1176 1391 prin·

128 1418 223 1511 cipis.
245 1415 526 1486 confiscabantur
551 1413 758 1485 alienissime
786 1413 1005 1503 hereditates,
1025 1416 1076 1486 vel
1106 1442 1175 1487 uno

128 1537 327 1620 exsistente,
354 1537 412 1629 qui
433 1535 573 1622 diceret,
593 1535 723 1604 audisse
749 1561 784 1604 se
802 1561 843 1605 ex
868 1535 1042 1626 defuncto,
1069 1561 1174 1631 quum

129 1659 275 1744 viveret,
296 1656 480 1726 «heredem
500 1657 561 1726 sibi
582 1659 743 1726 Caesarem
773 1681 885 1726 esse.»
906 1660 1029 1726 Praeter
1049 1671 1176 1727 ceteros

128 1777 282 1872 judaicus
306 1777 403 1848 fiscus
421 1779 632 1847 acerbissime
653 1794 746 1848 aetus
762 1793 811 1847 est
832 1804 840 1846 ε
867 1777 911 1848 ad
930 1803 1030 1872 quem
1047 1777 1174 1848 defere-

129 1899 266 1980 bantur,
282 1901 341 1993 qui
357 1897 408 1968 rel
423 1899 608 1994 improlessi
620 1898 790 1992 judaicam
808 1901 956 1968 virerent
970 1901 1091 1987 vitam,
1109 1897 1176 1987 rel,

129 2018 337 2088 dissimulata
360 2020 511 2114 origine,
531 2021 686 2114 imposita
711 2021 800 2114 genti
819 2020 943 2088 tributa
963 2043 1032 2088 non
1055 2043 1178 2114 pepen-

39 2153 42 2159 “
130 2141 268 2210 dissent.
288 2140 484 2209 Interlirisse
504 2163 558 2207 me
583 2138 869 2215 adolescentulum
898 2142 1056 2226 memini,
1073 2165 1178 2234 quum

129 2287 147 2330 a
168 2275 406 2356 procuratore,
426 2261 759 2354 frequentissimoque
784 2260 940 2350 consilio,
963 2263 1179 2356 inspiceretur

130 2383 375 2477 nonagenarius
385 2405 551 2468 senex,an
561 2382 797 2450 circumsectus
806 2396 901 2450 esset.
910 2379 963 2451 Ab
971 2383 1110 2475 juventa
1121 2385 1180 2450 mi·

128 2503 221 2571 nime
239 2499 346 2570 civilis
360 2503 480 2584 animi,
493 2500 665 2570 conlidens
675 2503 790 2585 etiam,
808 2517 842 2569 et
855 2527 959 2594 quum
971 2504 1092 2590 verbis,
1106 2519 1177 2573 tum

128 2624 230 2693 rebus
242 2623 450 2692 immodicus.
462 2621 719 2716 Caenidi‚'patris
732 2622 944 2710 concubinae,
959 2647 998 2692 ex
1011 2626 1107 2694 latria
1127 2649 1178 2692 re·

128 2770 252 2831 versae,
272 2742 508 2838 osculumque,
527 2759 563 2814 nt
573 2757 737 2830 assuerat,
751 2741 920 2830 offerenti,
940 2768 1075 2812 manum
1090 2766 1177 2838 prae-

130 2865 217 2933 buit.
237 2867 408 2934 Generum
423 2863 554 2946 fratris,
577 2863 712 2957 indigne
731 2862 855 2946 ferens,
874 2861 1002 2932 albatos
1018 2877 1052 2932 et
1070 2865 1177 2958 ipsum
1269 2907 1271 2912 -

128 2986 302 3054 ministros
316 2984 452 3070 habere,
467 2982 687 3078 proclamavit
699 2981 788 3054 :Ota
802 2980 937 3067 atratis
952 2997 1177 3076 catacarposim.

179 3108 277 3175 XlIl.
302 3106 530 3198 Principatum
551 3129 628 3173 vero
643 3105 800 3198 adeptus,
816 3129 924 3198 neque
942 3107 976 3172 in
999 3121 1113 3180 senatu
1128 3110 1179 3201 ja·

128 3243 223 3296 ctare
242 3225 427 3311 dubitarit,
445 3255 462 3290 u
477 3241 511 3294 et
523 3227 609 3321 petri
626 3249 660 3294 se
678 3241 711 3294 et
727 3225 820 3293 fratri
843 3228 1020 3320 imperium
1037 3227 1180 3315 dedisse,

129 3346 207 3415 illos
228 3345 551 3414 sibi=1·eddidisse:s
571 3371 678 3439 neque
704 3348 738 3414 in
764 3345 954 3417 reducenda
976 3363 1050 3442 post
1068 3349 1180 3418 diror-

128 3469 218 3536 tium
240 3491 342 3536 uxore
361 3466 508 3554 edicere,
526 3481 704 3536 avocatam
722 3491 794 3536 eam
811 3469 843 3536 in
863 3466 1018 3561 pulvinar
1038 3494 1149 3539 suuni.
1164 3501 1180 3534 a
1255 3543 1258 3548 ,

128 3587 318 3658 Acclamari
336 3590 435 3658 etiam
461 3590 495 3656 in
512 3588 760 3681 amphitheatro
779 3585 867 3682 epuli
887 3588 942 3657 die
959 3587 1101 3659 libenter
1118 3615 1179 3658 au·

128 3709 197 3776 diit
214 3734 222 3776 :
242 3737 258 3772 n
274 3710 422 3778 Domino
441 3723 471 3776 et
490 3709 633 3777 dominae
652 3706 834 3776 feliciter.»
855 3708 920 3778 Sed
941 3724 973 3778 et
996 3709 1179 3804 capitolino

128 3830 319 3898 certamine
337 3844 477 3898 cunctos
498 3829 627 3924 ingenti
652 3853 814 3898 consensu
836 3843 1025 3923 precautes,
1049 3831 1180 3900 ut·Pal·

127 3949 259 4018 furium
277 3951 396 4018 Suram
417 3953 622 4038 restitueret,
639 3949 771 4044 pulsum
790 3949 868 4018 olim
890 3965 1022 4036 senatu,
1042 3975 1080 4020 ac
1101 3965 1181 4020 tunc

127 4069 173 4138 de
193 4071 385 4138 oratoribus
405 4087 619 4159 coronatum,
639 4071 732 4139 nullo
761 4095 921 4163 responso
941 4070 1099 4166 dignata,
1128 4087 1181 4141 ta·

113 4211 205 4260 'cere
219 4190 451 4259 tantummodo
462 4191 576 4284 jussit,
597 4215 678 4258 voce
694 4191 865 4286 praeconis.
883 4191 958 4259 Pari
976 4196 1181 4287 arrogantia,
