3108 5434
521 501 702 558 TIBERIUS.
1076 503 1130 558 tal

103 619 189 690 denna
208 621 379 716 imposuit
398 623 535 717 Recepit
547 638 580 692 et
594 625 706 719 signa,
720 647 794 717 quae
807 625 854 692 M.
869 627 988 694 Crasso
1002 623 1131 694 ademe-

103 755 173 808 rant
181 741 306 810 Parthi.
321 743 483 814 Posthac
497 745 669 812 Comatam
686 741 830 814 Galliam
847 765 935 812 anno
949 741 1016 812 lere
1029 743 1131 832 rexit,

99 875 131 930 et
141 859 362 932 barbarorum
374 862 638 953 incursionibus,
655 877 689 932 et
705 863 893 960 principum
906 861 1070 934 discordia
1085 865 1132 934 in-

100 981 252 1074 quietam.
280 981 368 1052 Exin
395 983 557 1052 Raeticum
583 980 857 1076 Vindelicumque
884 979 1026 1070 bellum,
1056 981 1133 1052 inde

99 1101 336 1172 Germanicum
351 1102 459 1198 gessit.
473 1102 597 1174 uaetico
611 1117 711 1196 atque
725 1100 899 1174 Vindelico
913 1115 1027 1197 gentes
1041 1099 1133 1196 Alpi·

98 1245 171 1307 nas;
194 1223 391 1292 Pannonico
412 1225 556 1292 Biennos
578 1236 612 1292 et
632 1219 802 1294 Dalmatas
821 1223 969 1316 subegit,
993 1225 1132 1293 Germa·

98 1341 171 1409 nico
186 1339 410 1436 quadraginta
425 1341 529 1412 millia
544 1341 774 1412 dediticiorum
786 1342 914 1436 trajecit
926 1342 961 1410 in
973 1339 1132 1429 Galliam,

95 1459 259 1554 juxtaque
270 1460 378 1554 ripam
388 1461 496 1531 Rheni
514 1460 647 1532 sedibus
657 1460 829 1556 assignatis
842 1459 1025 1530 collocavit.
1039 1462 1132 1549 Quas

98 1580 137 1648 ob
154 1603 226 1670 res,
245 1595 279 1650 et
296 1605 415 1672 ovans,
429 1595 461 1652 et
474 1605 577 1652 curru
591 1583 717 1652 Urbem
732 1583 897 1676 ingressus
911 1595 978 1671 est,
990 1581 1133 1676 primus,

98 1713 133 1768 ut
149 1699 291 1794 quidam
302 1715 438 1796 putant,
450 1699 705 1797 triumphalibus
718 1703 919 1774 ornamentis
933 1702 1133 1790 honoratus,

99 1843 186 1888 novo
204 1843 269 1888 nec
289 1833 387 1890 antea
404 1821 560 1915 cuiquam
577 1821 704 1890 tributo
717 1845 837 1916 genere
848 1819 995 1890 honoris.
1009 1821 1134 1915 Magis·

100 1953 203 2008 natus
216 1953 253 2008 et
267 1941 429 2023 maturius
442 1940 626 2028 inchoavit,
639 1955 673 2009 et
690 1964 783 2036 paene
795 1939 938 2034 junctim
955 1964 1134 2034 percucur-

98 2059 138 2127 rit
153 2073 379 2153 quaesturant,
400 2074 598 2155 praeturam,
622 2057 853 2129 consulatum:
874 2059 1133 2154 interpositoque

97 2191 263 2274 ternpore,
277 2177 395 2250 consul
410 2181 530 2250 iterum
548 2180 647 2250 etiam
664 2177 874 2250 tribuniciam
888 2192 1082 2273 potestatem
1097 2181 1131 2248 in

97 2300 366 2396 quinquennium
383 2301 518 2396 accepit.

140 2421 185 2488 X.
204 2423 274 2489 Tot
289 2421 455 2514 prosperis
469 2421 726 2508 confluentibus,
744 2423 869 2516 integra
886 2434 981 2490 aetate
997 2443 1036 2488 ac
1050 2418 1135 2490 vale·

98 2540 231 2630 tudine,
257 2542 376 2610 statuit
396 2555 531 2636 repente
555 2540 720 2628 secedere,
744 2565 843 2635 seque
863 2565 882 2610 e
905 2538 1013 2610 medio
1035 2563 1134 2633 mam

98 2659 288 2757 longissime
302 2685 477 2732 amovere:
495 2661 649 2749 dubium,
665 2662 820 2730 uxorisne
835 2658 947 2744 taedio,
961 2683 1061 2751 quarn
1078 2683 1134 2728 ne·

99 2808 161 2877 qne
185 2783 359 2853 criminari
381 2795 441 2854 aut
466 2781 631 2852 dimittere
655 2779 807 2866 auderet,
827 2803 933 2872 neque
954 2776 1042 2848 ultra
1060 2801 1135 2872 per·

98 2902 180 2974 lene
196 2915 334 2998 posset;
351 2925 395 2972 an
414 2915 472 2990 ut,
490 2901 594 2972 vitato
610 2899 810 2973 assiduitatis
826 2897 973 2984 fastidio,
991 2897 1136 2968 auotori-

99 3037 197 3094 tatem
216 3022 369 3092 absentia
381 3035 546 3109 tueretur,
561 3035 660 3116 atque
675 3021 773 3089 etiam
789 3031 943 3113 augeret,
960 3016 1135 3110 siquando
1225 3049 1229 3062 ·

99 3144 296 3239 indiguisset
324 3143 376 3212 sui
403 3139 598 3238 respublica.
623 3139 769 3230 Quidam
791 3139 994 3226 existimant,
1015 3135 1136 3208 adultis

96 3264 161 3357 jam
170 3262 319 3360 Augusti
329 3259 539 3354 liberis,loco
548 3276 582 3332 et
592 3262 685 3354 quasi
698 3260 901 3355 possessione
913 3258 1061 3352 usurpati
1071 3281 1092 3326 a
1101 3281 1136 3326 se

99 3383 154 3454 diu
164 3381 306 3454 soeundi
318 3379 440 3478 gradus
452 3396 570 3477 sponte
585 3381 732 3467 cessisse,
746 3377 895 3472 exemplo
904 3379 952 3446 M.
964 3379 1135 3471 Agrippae,

99 3507 171 3596 qui,
186 3506 237 3574 Μ.
257 3500 418 3574 Marcello
435 3501 478 3572 ad
496 3525 633 3572 munera
646 3497 779 3595 publica
793 3497 945 3583 admoto,
959 3495 1136 3590 Mytilenas

100 3624 239 3710 abierit;
259 3647 302 3692 ne
321 3637 381 3694 aut
396 3623 547 3709 obstare,
567 3635 625 3692 arnt
645 3619 831 3690 obtrectare
849 3641 991 3714 praesens
1010 3615 1136 3684 videre-

100 3756 163 3812 tur.
186 3746 302 3834 Quam
325 3767 458 3833 causam
479 3757 513 3811 et
535 3743 622 3838 ipse,
644 3738 701 3810 sed
719 3755 854 3836 postea,
874 3735 1025 3813 reddidit.
1042 3738 1137 3804 Tunc
1182 3733 1188 3744 ’

98 3877 212 3934 anton
229 3863 398 3936 bonorum
417 3864 599 3934 satietatem
616 3887 655 3932 ac
669 3864 815 3956 requiem
831 3860 982 3930 laborum
999 3869 1138 3950 praeten-

99 3983 201 4070 dens,
224 3999 446 4056 commeatum
471 3985 575 4078 petiit.
601 3985 716 4076 Neque
739 3996 798 4052 aut
821 3982 918 4050 matri
946 3973 1138 4070 suppliciter

99 4108 273 4198 precanti,
287 4122 344 4176 aut
362 4108 501 4192 vitrico,
519 4105 623 4173 deseri
643 4128 676 4170 se
696 4105 793 4170 etiam
813 4104 846 4168 in
865 4113 977 4168 senatu
996 4119 1139 4188 conque·
