3108 5434
527 541 707 598 rnamus.
1076 560 1130 622 „7

103 673 214 728 ventus
231 662 284 730 sui
305 687 398 757 spem
415 661 514 750 facit,
532 663 755 760 complurium
774 668 904 740 dierum
923 695 1033 760 mora,
1059 699 1132 744 cor-

103 799 193 879 rupto
217 780 354 852 demum
380 797 416 852 et
444 782 556 852 tabido
582 809 722 879 corpore
748 788 936 859 funeratam
957 793 1130 887 prohibuit

102 903 296 986 consecrari,
316 902 410 996 quasi
427 901 461 970 id
480 904 551 997 ipsa
570 904 769 974 mandasset.
782 911 1030 980 Testamentum
1047 939 1131 1006 quo-

102 1047 158 1115 que
171 1023 244 1115 ejus
265 1047 329 1115 pro
347 1023 442 1090 irrito
461 1022 594 1112 habuit,
615 1049 795 1119 omnesque
812 1029 972 1098 amicitias
986 1043 1020 1099 et
1035 1031 1130 1102 fami·

103 1142 274 1227 liaritates,
297 1141 398 1212 etiarn
422 1141 543 1234 quibus
564 1167 603 1210 ea
626 1143 752 1213 funeris
776 1148 828 1215 sui
852 1172 966 1216 curam
988 1152 1131 1220 moriens

103 1260 329 1348 demandarat,
353 1262 441 1330 intra
468 1261 568 1333 breve
595 1277 726 1358 tempus
750 1265 884 1368 afflixit3
907 1293 976 1338 uno
1000 1295 1040 1338 ex
1061 1271 1131 1356 his,

102 1381 252 1475 equestris
271 1380 399 1449 ordinis
415 1382 508 1467 viro,
528 1397 562 1450 et
581 1383 615 1450 in
634 1383 771 1454 antliam
792 1386 1023 1459 condemnato.

140 1504 212 1570 LII.
239 1499 402 1570 Filiorum
414 1527 520 1596 neque
529 1502 714 1573 naturalem
724 1509 890 1594 Drusum,
906 1533 1013 1602 neque
1024 1510 1129 1606 adop·

101 1626 197 1692 tirum
219 1621 477 1708 Germanicum,
496 1623 605 1716 patria
621 1624 759 1692 caritate
776 1623 909 1714 ditexit3
928 1626 1063 1698 alterius
1082 1632 1131 1698 vi·

101 1746 148 1812 tiis
167 1743 328 1812 infensus.
353 1743 442 1812 Nam
460 1745 592 1812 Drusus
610 1745 712 1812 animi
729 1744 895 1833 fluxioris,
919 1749 1129 1819 remissioris·

100 1888 158 1956 que
172 1864 250 1931 vitae
262 1876 345 1930 erat.
356 1865 474 1956 Itaque
484 1887 526 1930 ne
542 1877 676 1931 mortuo
693 1861 826 1955 quidem
843 1864 978 1958 perinde
991 1866 1130 1938 affectus

101 2001 157 2071 est3
170 1984 228 2054 sed
245 1982 378 2052 tantum
392 2006 460 2050 non
476 1983 588 2051 statim
605 2005 625 2050 a
640 1981 757 2051 funere
775 1981 817 2050 ad
833 1986 1042 2078 negotiorum
1055 2012 1131 2057 cou-

100 2103 303 2173 suetudinem
329 2101 447 2187 rediit,
466 2102 597 2194 justitio
619 2099 769 2196 longiore
796 2103 948 2172 inhibito.
979 2107 1072 2193 Quin
1097 2121 1131 2176 et

101 2225 263 2292 Iliensium
284 2219 400 2316 legatis
414 2219 514 2314 paulo
530 2222 635 2290 serius
654 2220 917 2310 consolantibus,
934 2227 1027 2317 quasi
1044 2225 1130 2295 obli·

101 2358 196 2412 terata
210 2345 280 2436 jam
298 2340 423 2410 doloris
445 2341 622 2427 memoria,
645 2339 805 2428 irridens,
824 2346 894 2411 «se
911 2368 1058 2436 quoquc,
1078 2370 1130 2414 re·

100 2463 243 2557 spondit,
257 2463 366 2530 vicem
380 2481 494 2527 eorum
505 2457 635 2546 dolere,
647 2459 738 2552 quod
749 2462 919 2554 egregium
931 2463 1036 2530 civem
1045 2467 1130 2532 Hec-

100 2600 197 2654 torem
220 2585 446 2653 amisissent.»
470 2579 672 2650 Germanico
692 2603 797 2672 usque
815 2579 897 2648 adeo
914 2581 1128 2670 obtrectavit,

100 2719 182 2774 utet
200 2701 361 2798 praeclara
384 2700 471 2768 facta
491 2699 562 2791 ejus
578 2721 641 2793 pro
669 2699 882 2790 supervacuis
909 2697 1072 2787 elevaret,
1096 2713 1129 2767 et

99 2823 344 2919 gloriosissimas
368 2819 540 2904 victorias,
555 2841 625 2888 .ceu
648 2815 824 2884 damnosas
848 2814 1055 2909 reipublicae,
1076 2819 1128 2885 iu·

100 2959 253 3039 ueparet.
273 2939 378 3031 Quod
399 2963 480 3007 vero
498 2935 753 3021 Alexandriam,
776 2949 914 3028 propter
935 2935 1128 3003 immensam

99 3083 130 3135 et
141 3065 353 3160 repentinam
366 3060 504 3145 famem,
522 3054 712 3126 inconsulto
725 3079 759 3124 se
774 3054 913 3142 adisset,
930 3069 1065 3148 qucstus
1080 3069 1129 3124 est

101 3189 130 3253 in
151 3197 280 3254 senatu.
304 3181 414 3250 Etiam
437 3201 536 3247 causa
560 3177 678 3245 mortis
698 3175 798 3243 fuisse
823 3175 852 3243 ei
876 3197 937 3266 per
952 3177 1015 3244 Cn.
1035 3175 1129 3243 Piso·

102 3332 190 3390 nem,
205 3303 356 3398 legatum
369 3300 488 3392 Syriae,
507 3295 655 3366 creditur
670 3320 678 3362 :
693 3319 792 3387 quem
813 3319 890 3361 mox
907 3294 1006 3385 hujus
1020 3294 1131 3362 crimi-

101 3429 146 3494 nis
162 3449 274 3508 reum,
294 3433 412 3515 putant
430 3416 567 3512 quidam
586 3412 741 3482 mandata
760 3409 989 3504 prolaturum,
1009 3413 1071 3479 nisi
1091 3437 1129 3480 ea

100 3559 220 3614 secreta
244 3543 425 3613 obstarent.
448 3540 512 3606 Per
531 3559 603 3628 quae
627 3530 842 3600 multifariam
865 3531 1078 3623 inscriptum,
1097 3544 1130 3598 et

99 3691 155 3759 per
175 3657 524 3732 noctes-celeberrime
545 3650 763 3721 acclamatum
786 3663 861 3716 est:
880 3646 1021 3716 «Redde
1045 3651 1129 3716 Ger·

99 3785 273 3852 manicum.
285 3809 303 3844 ι
323 3781 435 3866 Quam
451 3773 672 3868 suspicionem
690 3768 899 3839 confirmavit
918 3768 988 3860 ipse
1002 3782 1130 3859 postea,

99 3905 239 3998 conjuge
256 3901 358 3970 etiam
371 3923 410 3967 ac
422 3895 533 3964 liberis
549 3891 741 3962 Germanici
759 3885 925 3956 crudelem
944 3887 980 3952 in
995 3884 1131 3953 modum

98 4024 238 4093 afflictis.
954 4025 957 4030 '

146 4147 238 4212 Lm.
258 4145 391 4212 Nurum
411 4137 649 4230 Agrippinam,
669 4143 745 4225 post
765 4127 876 4196 mariti
894 4138 1034 4194 mortem
1050 4122 1131 4192 libe·

936 4267 987 4312 ιο.
