<?xml version="1.0" encoding="UTF-8"?>
<!DOCTYPE html PUBLIC "-//W3C//DTD XHTML 1.0 Transitional//EN"
    "http://www.w3.org/TR/xhtml1/DTD/xhtml1-transitional.dtd">
<html xmlns="http://www.w3.org/1999/xhtml" xml:lang="en" lang="en">
 <head>
  <title>
</title>
<meta http-equiv="Content-Type" content="text/html;charset=utf-8" />
  <meta name='ocr-system' content='tesseract 3.04.00' />
  <meta name='ocr-capabilities' content='ocr_page ocr_carea ocr_par ocr_line ocrx_word'/>
</head>
<body>
  <div class='ocr_page' id='page_1' title='image "./caiisuetonitran00grosgoog_0037.png"; bbox 0 0 3138 5438; ppageno 0'>
   <div class='ocr_carea' id='block_1_1' title="bbox 381 527 1008 588">
    <p class='ocr_par' dir='ltr' id='par_1_1' title="bbox 381 527 1008 588">
     <span class='ocr_line' id='line_1_1' title="bbox 381 527 1008 588; baseline 0.003 -4"><span class='ocrx_word' id='word_1_1' title='bbox 381 527 400 584; x_wconf 77' lang='lat'><strong>6</strong></span> <span class='ocrx_word' id='word_1_2' title='bbox 780 531 810 587; x_wconf 85' lang='lat' dir='ltr'>C.</span> <span class='ocrx_word' id='word_1_3' title='bbox 832 531 1008 588; x_wconf 83' lang='lat' dir='ltr'><strong>SUETONII</strong></span> 
     </span>
    </p>
   </div>
   <div class='ocr_carea' id='block_1_2' title="bbox 347 653 1425 2180">
    <p class='ocr_par' dir='ltr' id='par_1_2' title="bbox 347 653 1421 986">
     <span class='ocr_line' id='line_1_2' title="bbox 381 653 1421 748; baseline 0 -25"><span class='ocrx_word' id='word_1_4' title='bbox 381 653 528 748; x_wconf 90' lang='lat' dir='ltr'>undique</span> <span class='ocrx_word' id='word_1_5' title='bbox 552 653 675 722; x_wconf 80' lang='lat' dir='ltr'>familia</span> <span class='ocrx_word' id='word_1_6' title='bbox 699 669 889 746; x_wconf 88' lang='lat' dir='ltr'>comparata</span> <span class='ocrx_word' id='word_1_7' title='bbox 914 655 1065 722; x_wconf 88' lang='lat' dir='ltr'>inimicos</span> <span class='ocrx_word' id='word_1_8' title='bbox 1092 655 1322 740; x_wconf 83' lang='lat' dir='ltr'>exterruisset,</span> <span class='ocrx_word' id='word_1_9' title='bbox 1345 679 1421 723; x_wconf 90' lang='lat' dir='ltr'>cau-</span> 
     </span>
     <span class='ocr_line' id='line_1_3' title="bbox 380 769 1421 871; baseline -0.002 -27"><span class='ocrx_word' id='word_1_10' title='bbox 380 786 454 844; x_wconf 90' lang='lat' dir='ltr'>tum</span> <span class='ocrx_word' id='word_1_11' title='bbox 473 787 523 871; x_wconf 79' lang='lat' dir='ltr'>est</span> <span class='ocrx_word' id='word_1_12' title='bbox 541 773 583 842; x_wconf 90' lang='lat' dir='ltr'>de</span> <span class='ocrx_word' id='word_1_13' title='bbox 603 797 742 842; x_wconf 89' lang='lat' dir='ltr'>numero</span> <span class='ocrx_word' id='word_1_14' title='bbox 759 769 1001 866; x_wconf 81' lang='lat' dir='ltr'><strong>gladiatorum,</strong></span> <span class='ocrx_word' id='word_1_15' title='bbox 1023 797 1089 866; x_wconf 89' lang='lat' dir='ltr'>quo</span> <span class='ocrx_word' id='word_1_16' title='bbox 1111 798 1154 840; x_wconf 89' lang='lat' dir='ltr'>ne</span> <span class='ocrx_word' id='word_1_17' title='bbox 1174 775 1332 866; x_wconf 89' lang='lat' dir='ltr'>majorem</span> <span class='ocrx_word' id='word_1_18' title='bbox 1352 776 1421 842; x_wconf 88' lang='lat' dir='ltr'>cui-</span> 
     </span>
     <span class='ocr_line' id='line_1_4' title="bbox 347 891 890 986; baseline -0.002 -24"><span class='ocrx_word' id='word_1_19' title='bbox 347 907 353 916; x_wconf 93' lang='grc'><strong>“</strong></span> <span class='ocrx_word' id='word_1_20' title='bbox 382 914 481 986; x_wconf 85' lang='lat' dir='ltr'>quam</span> <span class='ocrx_word' id='word_1_21' title='bbox 497 893 619 963; x_wconf 87' lang='lat' dir='ltr'>habere</span> <span class='ocrx_word' id='word_1_22' title='bbox 637 896 750 960; x_wconf 72' lang='lat' dir='ltr'>Romae</span> <span class='ocrx_word' id='word_1_23' title='bbox 767 891 890 961; x_wconf 90' lang='lat' dir='ltr'>liceret.</span> 
     </span>
    </p>

    <p class='ocr_par' dir='ltr' id='par_1_3' title="bbox 381 1010 1425 2180">
     <span class='ocr_line' id='line_1_5' title="bbox 430 1010 1420 1107; baseline -0.002 -26"><span class='ocrx_word' id='word_1_24' title='bbox 430 1015 490 1081; x_wconf 82' lang='lat' dir='ltr'>xl.</span> <span class='ocrx_word' id='word_1_25' title='bbox 516 1010 701 1080; x_wconf 83' lang='lat' dir='ltr'>Conciliato</span> <span class='ocrx_word' id='word_1_26' title='bbox 731 1011 846 1107; x_wconf 93' lang='lat' dir='ltr'>populi</span> <span class='ocrx_word' id='word_1_27' title='bbox 873 1013 1004 1100; x_wconf 84' lang='lat' dir='ltr'>favore,</span> <span class='ocrx_word' id='word_1_28' title='bbox 1034 1011 1176 1081; x_wconf 86' lang='lat' dir='ltr'>tentavit</span> <span class='ocrx_word' id='word_1_29' title='bbox 1204 1037 1264 1106; x_wconf 89' lang='lat' dir='ltr'>per</span> <span class='ocrx_word' id='word_1_30' title='bbox 1291 1026 1420 1106; x_wconf 85' lang='lat' dir='ltr'>partem</span> 
     </span>
     <span class='ocr_line' id='line_1_6' title="bbox 382 1129 1421 1226; baseline -0.005 -23"><span class='ocrx_word' id='word_1_31' title='bbox 382 1132 610 1216; x_wconf 81' lang='lat' dir='ltr'>rn&#39;bunorum,</span> <span class='ocrx_word' id='word_1_32' title='bbox 631 1144 669 1198; x_wconf 93' lang='lat' dir='ltr'>ut</span> <span class='ocrx_word' id='word_1_33' title='bbox 686 1131 747 1200; x_wconf 90' lang='lat' dir='ltr'>sibi</span> <span class='ocrx_word' id='word_1_34' title='bbox 765 1133 926 1226; x_wconf 82' lang='lat' dir='ltr'>AEgyptus</span> <span class='ocrx_word' id='word_1_35' title='bbox 948 1134 1117 1226; x_wconf 89' lang='lat' dir='ltr'>provincia</span> <span class='ocrx_word' id='word_1_36' title='bbox 1135 1130 1308 1226; x_wconf 89' lang='lat' dir='ltr'>plebiscito</span> <span class='ocrx_word' id='word_1_37' title='bbox 1328 1129 1421 1198; x_wconf 85' lang='lat' dir='ltr'>darc·</span> 
     </span>
     <span class='ocr_line' id='line_1_7' title="bbox 382 1249 1421 1344; baseline -0.004 -24"><span class='ocrx_word' id='word_1_38' title='bbox 382 1262 457 1338; x_wconf 89' lang='lat' dir='ltr'>tur,</span> <span class='ocrx_word' id='word_1_39' title='bbox 487 1264 604 1318; x_wconf 84' lang='lat' dir='ltr'>nactus</span> <span class='ocrx_word' id='word_1_40' title='bbox 634 1249 886 1320; x_wconf 82' lang='lat' dir='ltr'>extraordinarii</span> <span class='ocrx_word' id='word_1_41' title='bbox 917 1252 1046 1344; x_wconf 90' lang='lat' dir='ltr'>imperii</span> <span class='ocrx_word' id='word_1_42' title='bbox 1077 1252 1302 1337; x_wconf 82' lang='lat' dir='ltr'><strong>occasionem,</strong></span> <span class='ocrx_word' id='word_1_43' title='bbox 1331 1249 1421 1342; x_wconf 94' lang='lat' dir='ltr'>quod</span> 
     </span>
     <span class='ocr_line' id='line_1_8' title="bbox 381 1367 1423 1463; baseline -0.005 -23"><span class='ocrx_word' id='word_1_44' title='bbox 381 1367 595 1440; x_wconf 77' lang='lat' dir='ltr'>Alexandrini</span> <span class='ocrx_word' id='word_1_45' title='bbox 618 1393 729 1463; x_wconf 89' lang='lat' dir='ltr'>regem</span> <span class='ocrx_word' id='word_1_46' title='bbox 755 1393 872 1457; x_wconf 85' lang='lat' dir='ltr'>suum,</span> <span class='ocrx_word' id='word_1_47' title='bbox 894 1371 1019 1438; x_wconf 89' lang='lat' dir='ltr'>socium</span> <span class='ocrx_word' id='word_1_48' title='bbox 1042 1385 1141 1463; x_wconf 85' lang='lat' dir='ltr'>atque</span> <span class='ocrx_word' id='word_1_49' title='bbox 1162 1369 1304 1438; x_wconf 87' lang='lat' dir='ltr'>amicum</span> <span class='ocrx_word' id='word_1_50' title='bbox 1328 1393 1347 1436; x_wconf 84' lang='lat' dir='ltr'>n</span> <span class='ocrx_word' id='word_1_51' title='bbox 1373 1392 1423 1435; x_wconf 89' lang='lat' dir='ltr'>se·</span> 
     </span>
     <span class='ocr_line' id='line_1_9' title="bbox 381 1485 1422 1583; baseline -0.004 -25"><span class='ocrx_word' id='word_1_52' title='bbox 381 1503 463 1558; x_wconf 86' lang='lat' dir='ltr'>natu</span> <span class='ocrx_word' id='word_1_53' title='bbox 482 1485 706 1582; x_wconf 86' lang='lat' dir='ltr'>appellatum,</span> <span class='ocrx_word' id='word_1_54' title='bbox 725 1487 940 1582; x_wconf 82' lang='lat' dir='ltr'>expulerant,</span> <span class='ocrx_word' id='word_1_55' title='bbox 960 1513 1076 1582; x_wconf 86' lang='lat' dir='ltr'>resque</span> <span class='ocrx_word' id='word_1_56' title='bbox 1097 1487 1198 1583; x_wconf 90' lang='lat' dir='ltr'>vulgo</span> <span class='ocrx_word' id='word_1_57' title='bbox 1215 1487 1422 1581; x_wconf 87' lang='lat' dir='ltr'>improbaba-</span> 
     </span>
     <span class='ocr_line' id='line_1_10' title="bbox 383 1605 1423 1701; baseline -0.003 -25"><span class='ocrx_word' id='word_1_58' title='bbox 383 1621 449 1676; x_wconf 86' lang='lat' dir='ltr'>tur.</span> <span class='ocrx_word' id='word_1_59' title='bbox 463 1609 535 1678; x_wconf 89' lang='lat' dir='ltr'>Nec</span> <span class='ocrx_word' id='word_1_60' title='bbox 548 1605 707 1694; x_wconf 85' lang='lat' dir='ltr'>obtinuit,</span> <span class='ocrx_word' id='word_1_61' title='bbox 725 1607 918 1675; x_wconf 87' lang='lat' dir='ltr'>adversante</span> <span class='ocrx_word' id='word_1_62' title='bbox 933 1609 1142 1701; x_wconf 86' lang='lat' dir='ltr'>optimatium</span> <span class='ocrx_word' id='word_1_63' title='bbox 1159 1607 1300 1675; x_wconf 71' lang='lat' dir='ltr'>faotione</span> <span class='ocrx_word' id='word_1_64' title='bbox 1317 1631 1325 1674; x_wconf 77' lang='grc' dir='ltr'><strong><em>ε</em></strong></span> <span class='ocrx_word' id='word_1_65' title='bbox 1340 1630 1423 1699; x_wconf 91' lang='lat' dir='ltr'>quo-</span> 
     </span>
     <span class='ocr_line' id='line_1_11' title="bbox 383 1725 1424 1821; baseline -0.001 -27"><span class='ocrx_word' id='word_1_66' title='bbox 383 1751 458 1794; x_wconf 92' lang='lat' dir='ltr'>rum</span> <span class='ocrx_word' id='word_1_67' title='bbox 476 1727 705 1795; x_wconf 81' lang='lat' dir='ltr'>auctoritatem</span> <span class='ocrx_word' id='word_1_68' title='bbox 722 1742 760 1794; x_wconf 92' lang='lat' dir='ltr'>ut</span> <span class='ocrx_word' id='word_1_69' title='bbox 775 1727 895 1819; x_wconf 91' lang='lat' dir='ltr'>quibus</span> <span class='ocrx_word' id='word_1_70' title='bbox 912 1743 1021 1821; x_wconf 89' lang='lat' dir='ltr'>posset</span> <span class='ocrx_word' id='word_1_71' title='bbox 1039 1727 1144 1796; x_wconf 92' lang='lat' dir='ltr'>modis</span> <span class='ocrx_word' id='word_1_72' title='bbox 1162 1728 1302 1794; x_wconf 87' lang='lat' dir='ltr'>invicem</span> <span class='ocrx_word' id='word_1_73' title='bbox 1319 1725 1424 1794; x_wconf 92' lang='lat' dir='ltr'>demi-</span> 
     </span>
     <span class='ocr_line' id='line_1_12' title="bbox 383 1846 1424 1943; baseline 0 -29"><span class='ocrx_word' id='word_1_74' title='bbox 383 1859 520 1933; x_wconf 85' lang='lat' dir='ltr'>nueret,</span> <span class='ocrx_word' id='word_1_75' title='bbox 542 1859 665 1941; x_wconf 89' lang='lat' dir='ltr'>tropaea</span> <span class='ocrx_word' id='word_1_76' title='bbox 686 1849 724 1915; x_wconf 89' lang='lat' dir='ltr'>C.</span> <span class='ocrx_word' id='word_1_77' title='bbox 750 1849 850 1916; x_wconf 81' lang='lat' dir='ltr'>Marii</span> <span class='ocrx_word' id='word_1_78' title='bbox 875 1847 916 1916; x_wconf 90' lang='lat' dir='ltr'>de</span> <span class='ocrx_word' id='word_1_79' title='bbox 938 1848 1122 1943; x_wconf 87' lang='lat' dir='ltr'>Jugurtha,</span> <span class='ocrx_word' id='word_1_80' title='bbox 1148 1847 1254 1941; x_wconf 89' lang='lat' dir='ltr'>deque</span> <span class='ocrx_word' id='word_1_81' title='bbox 1279 1846 1424 1916; x_wconf 86' lang='lat' dir='ltr'>Cimbris</span> 
     </span>
     <span class='ocr_line' id='line_1_13' title="bbox 384 1965 1424 2062; baseline 0 -28"><span class='ocrx_word' id='word_1_82' title='bbox 384 1978 483 2059; x_wconf 87' lang='lat' dir='ltr'>atque</span> <span class='ocrx_word' id='word_1_83' title='bbox 498 1968 672 2056; x_wconf 88' lang='lat' dir='ltr'>Teutonis,</span> <span class='ocrx_word' id='word_1_84' title='bbox 691 1965 808 2035; x_wconf 86' lang='lat' dir='ltr'>olima</span> <span class='ocrx_word' id='word_1_85' title='bbox 826 1967 918 2036; x_wconf 89' lang='lat' dir='ltr'>Sulla</span> <span class='ocrx_word' id='word_1_86' title='bbox 936 1969 1084 2062; x_wconf 86' lang='lat' dir='ltr'>disjecta,</span> <span class='ocrx_word' id='word_1_87' title='bbox 1102 1970 1258 2054; x_wconf 81' lang='lat' dir='ltr'>restituit3</span> <span class='ocrx_word' id='word_1_88' title='bbox 1275 1982 1373 2060; x_wconf 89' lang='lat' dir='ltr'>atque</span> <span class='ocrx_word' id='word_1_89' title='bbox 1387 1968 1424 2035; x_wconf 93' lang='lat' dir='ltr'>in</span> 
     </span>
     <span class='ocr_line' id='line_1_14' title="bbox 385 2085 1425 2180; baseline 0 -26"><span class='ocrx_word' id='word_1_90' title='bbox 385 2085 566 2154; x_wconf 83' lang='lat' dir='ltr'>exercenda</span> <span class='ocrx_word' id='word_1_91' title='bbox 584 2085 625 2154; x_wconf 89' lang='lat' dir='ltr'>de</span> <span class='ocrx_word' id='word_1_92' title='bbox 647 2087 771 2155; x_wconf 90' lang='lat' dir='ltr'>sicariis</span> <span class='ocrx_word' id='word_1_93' title='bbox 788 2089 987 2180; x_wconf 67' lang='lat' dir='ltr'>quaestione,</span> <span class='ocrx_word' id='word_1_94' title='bbox 1005 2113 1059 2156; x_wconf 91' lang='lat' dir='ltr'>eos</span> <span class='ocrx_word' id='word_1_95' title='bbox 1079 2111 1211 2180; x_wconf 91' lang='lat' dir='ltr'>quoque</span> <span class='ocrx_word' id='word_1_96' title='bbox 1229 2088 1425 2155; x_wconf 89' lang='lat' dir='ltr'>sicariorum</span> 
     </span>
    </p>
   </div>
   <div class='ocr_carea' id='block_1_3' title="bbox 385 2205 1425 2300">
    <p class='ocr_par' dir='ltr' id='par_1_4' title="bbox 385 2205 1425 2300">
     <span class='ocr_line' id='line_1_15' title="bbox 385 2205 1425 2300; baseline 0 -28"><span class='ocrx_word' id='word_1_97' title='bbox 385 2228 525 2273; x_wconf 89' lang='lat' dir='ltr'>numero</span> <span class='ocrx_word' id='word_1_98' title='bbox 552 2205 690 2294; x_wconf 85' lang='lat' dir='ltr'>habuit,</span> <span class='ocrx_word' id='word_1_99' title='bbox 717 2207 775 2298; x_wconf 91' lang='lat' dir='ltr'>qui</span> <span class='ocrx_word' id='word_1_100' title='bbox 805 2207 1065 2300; x_wconf 87' lang='lat' dir='ltr'>proscriptione,</span> <span class='ocrx_word' id='word_1_101' title='bbox 1093 2207 1135 2274; x_wconf 91' lang='lat' dir='ltr'>ob</span> <span class='ocrx_word' id='word_1_102' title='bbox 1167 2205 1270 2274; x_wconf 86' lang='lat' dir='ltr'>relata</span> <span class='ocrx_word' id='word_1_103' title='bbox 1299 2207 1425 2274; x_wconf 90' lang='lat' dir='ltr'>civium</span> 
     </span>
    </p>
   </div>
   <div class='ocr_carea' id='block_1_4' title="bbox 335 2322 1529 4202">
    <p class='ocr_par' dir='ltr' id='par_1_5' title="bbox 335 2322 1425 2538">
     <span class='ocr_line' id='line_1_16' title="bbox 335 2322 1425 2419; baseline -0.002 -25"><span class='ocrx_word' id='word_1_104' title='bbox 335 2345 338 2356; x_wconf 94' lang='grc'><em>·</em></span> <span class='ocrx_word' id='word_1_105' title='bbox 386 2347 600 2394; x_wconf 87' lang='lat' dir='ltr'>romanorum</span> <span class='ocrx_word' id='word_1_106' title='bbox 629 2326 754 2419; x_wconf 85' lang='lat' dir='ltr'>capita,</span> <span class='ocrx_word' id='word_1_107' title='bbox 790 2326 945 2419; x_wconf 86' lang='lat' dir='ltr'>pecunias</span> <span class='ocrx_word' id='word_1_108' title='bbox 978 2349 1017 2394; x_wconf 81' lang='lat' dir='ltr'>cx</span> <span class='ocrx_word' id='word_1_109' title='bbox 1054 2327 1169 2393; x_wconf 84' lang='lat' dir='ltr'>aerario</span> <span class='ocrx_word' id='word_1_110' title='bbox 1206 2322 1425 2418; x_wconf 82' lang='lat' dir='ltr'>acceperant,</span> 
     </span>
     <span class='ocr_line' id='line_1_17' title="bbox 387 2443 1091 2538; baseline 0.001 -28"><span class='ocrx_word' id='word_1_111' title='bbox 387 2463 587 2536; x_wconf 86' lang='lat' dir='ltr'>quamquam</span> <span class='ocrx_word' id='word_1_112' title='bbox 605 2458 756 2537; x_wconf 83' lang='lat' dir='ltr'>exceptos</span> <span class='ocrx_word' id='word_1_113' title='bbox 773 2443 938 2513; x_wconf 87' lang='lat' dir='ltr'>Corneliis</span> <span class='ocrx_word' id='word_1_114' title='bbox 954 2444 1091 2538; x_wconf 90' lang='lat' dir='ltr'>legibus.</span> 
     </span>
    </p>

    <p class='ocr_par' dir='ltr' id='par_1_6' title="bbox 387 2561 1430 3252">
     <span class='ocr_line' id='line_1_18' title="bbox 415 2561 1427 2656; baseline 0 -26"><span class='ocrx_word' id='word_1_115' title='bbox 415 2563 512 2630; x_wconf 77' lang='lat' dir='ltr'><strong>XII.</strong></span> <span class='ocrx_word' id='word_1_116' title='bbox 539 2562 741 2630; x_wconf 80' lang='lat' dir='ltr'>Suboruavit</span> <span class='ocrx_word' id='word_1_117' title='bbox 763 2563 861 2630; x_wconf 86' lang='lat' dir='ltr'>etiam</span> <span class='ocrx_word' id='word_1_118' title='bbox 885 2563 942 2655; x_wconf 93' lang='lat' dir='ltr'>qui</span> <span class='ocrx_word' id='word_1_119' title='bbox 966 2567 1003 2632; x_wconf 91' lang='lat' dir='ltr'>C.</span> <span class='ocrx_word' id='word_1_120' title='bbox 1028 2563 1165 2630; x_wconf 88' lang='lat' dir='ltr'>Rabirio</span> <span class='ocrx_word' id='word_1_121' title='bbox 1188 2561 1427 2656; x_wconf 90' lang='lat' dir='ltr'>perduellionis</span> 
     </span>
     <span class='ocr_line' id='line_1_19' title="bbox 388 2679 1429 2776; baseline -0.001 -26"><span class='ocrx_word' id='word_1_122' title='bbox 388 2680 475 2751; x_wconf 92' lang='lat' dir='ltr'>diem</span> <span class='ocrx_word' id='word_1_123' title='bbox 494 2680 641 2750; x_wconf 89' lang='lat' dir='ltr'>diceret:</span> <span class='ocrx_word' id='word_1_124' title='bbox 662 2707 729 2774; x_wconf 90' lang='lat' dir='ltr'>quo</span> <span class='ocrx_word' id='word_1_125' title='bbox 749 2683 917 2776; x_wconf 85' lang='lat' dir='ltr'>praecipuo</span> <span class='ocrx_word' id='word_1_126' title='bbox 937 2679 1106 2773; x_wconf 85' lang='lat' dir='ltr'>adjutore,</span> <span class='ocrx_word' id='word_1_127' title='bbox 1126 2681 1252 2774; x_wconf 91' lang='lat' dir='ltr'>aliquot</span> <span class='ocrx_word' id='word_1_128' title='bbox 1270 2695 1346 2750; x_wconf 90' lang='lat' dir='ltr'>ante</span> <span class='ocrx_word' id='word_1_129' title='bbox 1367 2706 1429 2749; x_wconf 90' lang='lat' dir='ltr'>an-</span> 
     </span>
     <span class='ocr_line' id='line_1_20' title="bbox 387 2798 1428 2870; baseline -0.001 -2"><span class='ocrx_word' id='word_1_130' title='bbox 387 2825 448 2869; x_wconf 91' lang='lat' dir='ltr'>nos</span> <span class='ocrx_word' id='word_1_131' title='bbox 461 2803 501 2869; x_wconf 91' lang='lat' dir='ltr'>L.</span> <span class='ocrx_word' id='word_1_132' title='bbox 518 2802 688 2869; x_wconf 79' lang='lat' dir='ltr'>Saturnini</span> <span class='ocrx_word' id='word_1_133' title='bbox 702 2798 896 2868; x_wconf 89' lang='lat' dir='ltr'>seditiosum</span> <span class='ocrx_word' id='word_1_134' title='bbox 908 2799 1114 2868; x_wconf 88' lang='lat' dir='ltr'>tribunatum</span> <span class='ocrx_word' id='word_1_135' title='bbox 1131 2813 1260 2870; x_wconf 88' lang='lat' dir='ltr'>senatus</span> <span class='ocrx_word' id='word_1_136' title='bbox 1272 2823 1428 2869; x_wconf 87' lang='lat' dir='ltr'>coercue-</span> 
     </span>
     <span class='ocr_line' id='line_1_21' title="bbox 389 2917 1428 3014; baseline -0.003 -25"><span class='ocrx_word' id='word_1_137' title='bbox 389 2935 442 2989; x_wconf 84' lang='lat' dir='ltr'>rat</span> <span class='ocrx_word' id='word_1_138' title='bbox 464 2945 472 2988; x_wconf 75' lang='grc' dir='ltr'><em>τ</em></span> <span class='ocrx_word' id='word_1_139' title='bbox 497 2943 535 2987; x_wconf 82' lang='lat' dir='ltr'>uc</span> <span class='ocrx_word' id='word_1_140' title='bbox 556 2933 643 2988; x_wconf 86' lang='lat' dir='ltr'>sorte</span> <span class='ocrx_word' id='word_1_141' title='bbox 660 2918 762 3012; x_wconf 83' lang='lat' dir='ltr'>judex</span> <span class='ocrx_word' id='word_1_142' title='bbox 786 2919 819 2986; x_wconf 89' lang='lat' dir='ltr'>in</span> <span class='ocrx_word' id='word_1_143' title='bbox 838 2941 932 2986; x_wconf 90' lang='lat' dir='ltr'>reum</span> <span class='ocrx_word' id='word_1_144' title='bbox 957 2917 1096 3004; x_wconf 90' lang='lat' dir='ltr'>ductus,</span> <span class='ocrx_word' id='word_1_145' title='bbox 1117 2933 1185 2987; x_wconf 90' lang='lat' dir='ltr'>tam</span> <span class='ocrx_word' id='word_1_146' title='bbox 1208 2917 1327 3014; x_wconf 87' lang='lat' dir='ltr'>cupide</span> <span class='ocrx_word' id='word_1_147' title='bbox 1344 2942 1428 3002; x_wconf 87' lang='lat' dir='ltr'>con-</span> 
     </span>
     <span class='ocr_line' id='line_1_22' title="bbox 390 3036 1430 3132; baseline -0.005 -24"><span class='ocrx_word' id='word_1_148' title='bbox 390 3039 576 3125; x_wconf 87' lang='lat' dir='ltr'>demnavit,</span> <span class='ocrx_word' id='word_1_149' title='bbox 605 3052 643 3105; x_wconf 90' lang='lat' dir='ltr'>ut</span> <span class='ocrx_word' id='word_1_150' title='bbox 670 3037 712 3106; x_wconf 86' lang='lat' dir='ltr'>ad</span> <span class='ocrx_word' id='word_1_151' title='bbox 739 3037 900 3132; x_wconf 89' lang='lat' dir='ltr'>populum</span> <span class='ocrx_word' id='word_1_152' title='bbox 929 3038 1122 3130; x_wconf 85' lang='lat' dir='ltr'>provocanti</span> <span class='ocrx_word' id='word_1_153' title='bbox 1156 3036 1238 3105; x_wconf 90' lang='lat' dir='ltr'>nihil</span> <span class='ocrx_word' id='word_1_154' title='bbox 1269 3059 1360 3129; x_wconf 73' lang='lat' dir='ltr'>reque</span> <span class='ocrx_word' id='word_1_155' title='bbox 1387 3061 1430 3104; x_wconf 86' lang='lat' dir='ltr'>ac</span> 
     </span>
     <span class='ocr_line' id='line_1_23' title="bbox 387 3156 874 3252; baseline -0.004 -26"><span class='ocrx_word' id='word_1_156' title='bbox 387 3156 507 3252; x_wconf 87' lang='lat' dir='ltr'>judicis</span> <span class='ocrx_word' id='word_1_157' title='bbox 525 3157 684 3226; x_wconf 81' lang='lat' dir='ltr'>acerbitas</span> <span class='ocrx_word' id='word_1_158' title='bbox 701 3157 874 3250; x_wconf 86' lang='lat' dir='ltr'>profuerit.</span> 
     </span>
    </p>

    <p class='ocr_par' dir='ltr' id='par_1_7' title="bbox 335 3275 1529 4202">
     <span class='ocr_line' id='line_1_24' title="bbox 439 3275 1432 3370; baseline -0.002 -26"><span class='ocrx_word' id='word_1_159' title='bbox 439 3277 530 3344; x_wconf 84' lang='lat' dir='ltr'>XIII.</span> <span class='ocrx_word' id='word_1_160' title='bbox 557 3276 713 3369; x_wconf 85' lang='lat' dir='ltr'>Deposita</span> <span class='ocrx_word' id='word_1_161' title='bbox 731 3278 908 3369; x_wconf 86' lang='lat' dir='ltr'>provinciae</span> <span class='ocrx_word' id='word_1_162' title='bbox 920 3301 993 3370; x_wconf 88' lang='lat' dir='ltr'>spe,</span> <span class='ocrx_word' id='word_1_163' title='bbox 1006 3275 1234 3369; x_wconf 84' lang='lat' dir='ltr'>pontificatum</span> <span class='ocrx_word' id='word_1_164' title='bbox 1246 3276 1432 3342; x_wconf 81' lang='lat' dir='ltr'>maximum</span> 
     </span>
     <span class='ocr_line' id='line_1_25' title="bbox 392 3394 1432 3490; baseline -0.002 -26"><span class='ocrx_word' id='word_1_165' title='bbox 392 3396 502 3489; x_wconf 90' lang='lat' dir='ltr'>petiit,</span> <span class='ocrx_word' id='word_1_166' title='bbox 518 3419 586 3464; x_wconf 88' lang='lat' dir='ltr'>non</span> <span class='ocrx_word' id='word_1_167' title='bbox 600 3397 670 3463; x_wconf 88' lang='lat' dir='ltr'>sine</span> <span class='ocrx_word' id='word_1_168' title='bbox 686 3395 913 3490; x_wconf 82' lang='lat' dir='ltr'>profusissima</span> <span class='ocrx_word' id='word_1_169' title='bbox 930 3394 1115 3488; x_wconf 84' lang='lat' dir='ltr'>largitione.</span> <span class='ocrx_word' id='word_1_170' title='bbox 1133 3397 1172 3462; x_wconf 91' lang='lat' dir='ltr'>In</span> <span class='ocrx_word' id='word_1_171' title='bbox 1189 3417 1254 3488; x_wconf 90' lang='lat' dir='ltr'>qua</span> <span class='ocrx_word' id='word_1_172' title='bbox 1272 3407 1432 3488; x_wconf 82' lang='lat' dir='ltr'>reputans</span> 
     </span>
     <span class='ocr_line' id='line_1_26' title="bbox 392 3511 1432 3609; baseline -0.003 -27"><span class='ocrx_word' id='word_1_173' title='bbox 392 3513 653 3609; x_wconf 82' lang='lat' dir='ltr'>magnitudinem</span> <span class='ocrx_word' id='word_1_174' title='bbox 662 3516 734 3582; x_wconf 86' lang='lat' dir='ltr'>aeris</span> <span class='ocrx_word' id='word_1_175' title='bbox 743 3513 840 3582; x_wconf 88' lang='lat' dir='ltr'>alieni</span> <span class='ocrx_word' id='word_1_176' title='bbox 849 3565 859 3602; x_wconf 95' lang='lat'>,</span> <span class='ocrx_word' id='word_1_177' title='bbox 869 3539 973 3606; x_wconf 90' lang='lat' dir='ltr'>quum</span> <span class='ocrx_word' id='word_1_178' title='bbox 984 3537 1078 3582; x_wconf 87' lang='lat' dir='ltr'>mane</span> <span class='ocrx_word' id='word_1_179' title='bbox 1092 3511 1134 3582; x_wconf 92' lang='lat' dir='ltr'>ad</span> <span class='ocrx_word' id='word_1_180' title='bbox 1147 3514 1282 3582; x_wconf 87' lang='lat' dir='ltr'>comitia</span> <span class='ocrx_word' id='word_1_181' title='bbox 1295 3511 1432 3580; x_wconf 90' lang='lat' dir='ltr'>descen·</span> 
     </span>
     <span class='ocr_line' id='line_1_27' title="bbox 391 3631 1529 3726; baseline -0.004 -25"><span class='ocrx_word' id='word_1_182' title='bbox 391 3631 502 3716; x_wconf 87' lang='lat' dir='ltr'>deret,</span> <span class='ocrx_word' id='word_1_183' title='bbox 518 3633 705 3726; x_wconf 84' lang='lat' dir='ltr'>praedixisse</span> <span class='ocrx_word' id='word_1_184' title='bbox 722 3635 821 3702; x_wconf 87' lang='lat' dir='ltr'>matri</span> <span class='ocrx_word' id='word_1_185' title='bbox 840 3631 1001 3700; x_wconf 83' lang='lat' dir='ltr'>osculanti</span> <span class='ocrx_word' id='word_1_186' title='bbox 1020 3633 1142 3721; x_wconf 83' lang='lat' dir='ltr'>fertur,</span> <span class='ocrx_word' id='word_1_187' title='bbox 1161 3631 1297 3701; x_wconf 89' lang='lat' dir='ltr'>domum</span> <span class='ocrx_word' id='word_1_188' title='bbox 1313 3655 1346 3699; x_wconf 92' lang='lat' dir='ltr'>se</span> <span class='ocrx_word' id='word_1_189' title='bbox 1363 3632 1431 3698; x_wconf 89' lang='lat' dir='ltr'>nisi</span> <span class='ocrx_word' id='word_1_190' title='bbox 1522 3701 1529 3713; x_wconf 55' lang='lat'><strong><em>‚</em></strong></span> 
     </span>
     <span class='ocr_line' id='line_1_28' title="bbox 392 3748 1432 3846; baseline -0.001 -27"><span class='ocrx_word' id='word_1_191' title='bbox 392 3751 578 3844; x_wconf 88' lang='lat' dir='ltr'>pontificem</span> <span class='ocrx_word' id='word_1_192' title='bbox 591 3777 658 3822; x_wconf 90' lang='lat' dir='ltr'>non</span> <span class='ocrx_word' id='word_1_193' title='bbox 674 3776 893 3822; x_wconf 86' lang='lat' dir='ltr'>reversurum.</span> <span class='ocrx_word' id='word_1_194' title='bbox 907 3755 1016 3844; x_wconf 79' lang='lat' dir='ltr'>Atque</span> <span class='ocrx_word' id='word_1_195' title='bbox 1029 3753 1075 3819; x_wconf 84' lang='lat' dir='ltr'>ita</span> <span class='ocrx_word' id='word_1_196' title='bbox 1088 3751 1331 3846; x_wconf 86' lang='lat' dir='ltr'>potentissimos</span> <span class='ocrx_word' id='word_1_197' title='bbox 1345 3748 1432 3818; x_wconf 84' lang='lat' dir='ltr'>duos</span> 
     </span>
     <span class='ocr_line' id='line_1_29' title="bbox 335 3868 1431 3964; baseline 0.001 -28"><span class='ocrx_word' id='word_1_198' title='bbox 335 3920 339 3926; x_wconf 80' lang='grc'><strong>-</strong></span> <span class='ocrx_word' id='word_1_199' title='bbox 392 3871 642 3964; x_wconf 86' lang='lat' dir='ltr'>competitores,</span> <span class='ocrx_word' id='word_1_200' title='bbox 666 3870 873 3964; x_wconf 91' lang='lat' dir='ltr'>multumque</span> <span class='ocrx_word' id='word_1_201' title='bbox 892 3885 926 3940; x_wconf 89' lang='lat' dir='ltr'>et</span> <span class='ocrx_word' id='word_1_202' title='bbox 944 3884 1037 3940; x_wconf 83' lang='lat' dir='ltr'>aetate</span> <span class='ocrx_word' id='word_1_203' title='bbox 1060 3885 1093 3939; x_wconf 88' lang='lat' dir='ltr'>et</span> <span class='ocrx_word' id='word_1_204' title='bbox 1116 3868 1275 3964; x_wconf 82' lang='lat' dir='ltr'>dignitate</span> <span class='ocrx_word' id='word_1_205' title='bbox 1297 3883 1431 3937; x_wconf 84' lang='lat' dir='ltr'>antece·</span> 
     </span>
     <span class='ocr_line' id='line_1_30' title="bbox 393 3986 1433 4085; baseline 0.004 -31"><span class='ocrx_word' id='word_1_206' title='bbox 393 3986 523 4074; x_wconf 86' lang='lat' dir='ltr'>dentes,</span> <span class='ocrx_word' id='word_1_207' title='bbox 542 3992 726 4083; x_wconf 87' lang='lat' dir='ltr'>superavit,</span> <span class='ocrx_word' id='word_1_208' title='bbox 744 4005 782 4058; x_wconf 92' lang='lat' dir='ltr'>ut</span> <span class='ocrx_word' id='word_1_209' title='bbox 802 3989 898 4085; x_wconf 87' lang='lat' dir='ltr'>plura</span> <span class='ocrx_word' id='word_1_210' title='bbox 915 3993 985 4084; x_wconf 90' lang='lat' dir='ltr'>ipse</span> <span class='ocrx_word' id='word_1_211' title='bbox 1006 3992 1040 4058; x_wconf 92' lang='lat' dir='ltr'>in</span> <span class='ocrx_word' id='word_1_212' title='bbox 1060 4015 1175 4059; x_wconf 89' lang='lat' dir='ltr'>eorum</span> <span class='ocrx_word' id='word_1_213' title='bbox 1194 3990 1345 4058; x_wconf 87' lang='lat' dir='ltr'>tribubus</span> <span class='ocrx_word' id='word_1_214' title='bbox 1362 3989 1433 4058; x_wconf 86' lang='lat' dir='ltr'>suf-</span> 
     </span>
     <span class='ocr_line' id='line_1_31' title="bbox 393 4105 1160 4202; baseline 0.008 -30"><span class='ocrx_word' id='word_1_215' title='bbox 393 4105 511 4199; x_wconf 85' lang='lat' dir='ltr'>fragia,</span> <span class='ocrx_word' id='word_1_216' title='bbox 526 4133 626 4201; x_wconf 88' lang='lat' dir='ltr'>quam</span> <span class='ocrx_word' id='word_1_217' title='bbox 644 4125 782 4202; x_wconf 89' lang='lat' dir='ltr'>uterque</span> <span class='ocrx_word' id='word_1_218' title='bbox 799 4113 833 4180; x_wconf 94' lang='lat' dir='ltr'>in</span> <span class='ocrx_word' id='word_1_219' title='bbox 849 4112 1017 4196; x_wconf 88' lang='lat' dir='ltr'>omnibus,</span> <span class='ocrx_word' id='word_1_220' title='bbox 1036 4108 1160 4178; x_wconf 89' lang='lat' dir='ltr'>tulerit.</span> 
     </span>
    </p>
   </div>
   <div class='ocr_carea' id='block_1_5' title="bbox 0 0 1590 5438">
    <p class='ocr_par' dir='ltr' id='par_1_8' title="bbox 0 0 1590 5438">
     <span class='ocr_line' id='line_1_32' title="bbox 0 0 1590 5438; baseline 0 0"><span class='ocrx_word' id='word_1_221' title='bbox 0 0 1590 5438; x_wconf 95' lang='lat' dir='ltr'> </span> 
     </span>
    </p>
   </div>
  </div>
 </body>
</html>
