3098 5446
550 497 661 556 NERO.
1056 503 1115 576 '267

101 621 227 690 concedi
250 621 312 692 sibi
336 638 454 692 oraret.
478 626 634 694 Inventus
652 638 701 694 est
726 639 837 719 postea
856 625 889 694 in
909 627 1030 697 sensio
1045 629 1116 724 ejus

100 743 155 810 bec
176 743 216 811 de
235 768 273 812 re
292 767 399 813 sermo
422 743 581 818 sommus
597 769 606 812 ε
624 743 680 814 sed
704 743 896 816 deterritum
919 762 1051 842 putant,
1074 775 1116 820 ne

98 865 201 957 prius,
219 888 320 956 quam
337 865 371 932 in
384 869 505 934 Fomm
519 866 717 958 perveniret,
729 863 980 960 discerperetur.
993 870 1047 938 Sic
1063 894 1116 939 co-

99 983 250 1076 gitatione
273 983 307 1051 in
330 997 498 1077 posterum
513 982 600 1053 diem
616 983 735 1072 dilata,
752 984 795 1054 td
809 985 952 1054 mediam
969 986 1037 1056 sere
1057 1013 1116 1057 no·

98 1116 173 1170 ctem
209 1103 389 1191 excitatus,
412 1079 459 1172 ¹ut
488 1105 664 1198 comperit,
692 1105 866 1179 stationem
899 1103 1042 1176 militum
1063 1131 1116 1178 re·

97 1225 239 1309 muse,
253 1221 414 1318 prosiluit
433 1247 452 1292 e
475 1220 580 1310 lecto,
598 1223 751 1317 misitque
773 1225 896 1296 mcum
920 1229 1054 1297 amicos.
1073 1232 1116 1297 Et

97 1343 168 1434 quia
193 1340 275 1415 nihil
296 1367 316 1412 a
338 1367 502 1436 qucquam
523 1344 790 1431 renunciebatur,
809 1345 879 1438 ipse
901 1369 976 1415 cont
1001 1349 1115 1440 paucis

97 1461 234 1556 hospitia
254 1461 459 1557 singulorum
478 1462 568 1532 adiit
582 1468 706 1533 Verum
724 1463 842 1534 eleusis
866 1467 1014 1535 omnimo
1037 1467 1116 1536 fori·

96 1582 166 1668 bus,
179 1581 400 1676 respondente
419 1581 532 1670 nullo,
551 1585 585 1652 in
600 1581 789 1654 cubiculum
810 1583 926 1671 rediit,
942 1585 1031 1654 unde
1044 1587 1114 1678 jam

95 1717 126 1769 et
140 1701 293 1774 custodes
309 1701 525 1796 diffitgerant,
540 1701 679 1796 direptis
694 1706 793 1776 etiam
811 1703 986 1798 stragulis,
1005 1721 1114 1774 amota

95 1836 125 1890 et
143 1820 262 1917 pyxide
276 1823 404 1892 veneni.
418 1825 467 1892 bc
483 1824 593 1892 statim
608 1821 778 1918 Spiculum
796 1823 1045 1912 mirmillonum,
1062 1825 1113 1898 vel

94 1939 269 2033 quemlibet
282 1965 524 2036 peculatorem,
540 1943 635 2035 eujus
651 1967 750 2012 manu
769 1945 907 2037 periret,
922 1945 1112 2036 requisivit:

94 2075 140 2146 et,
156 2062 288 2132 nemine
302 2076 455 2156 reperto,
469 2091 487 2127 c
500 2065 589 2157 Ergo
603 2086 678 2156 ego,
692 2091 709 2126 s
724 2063 851 2155 inquit,
870 2087 960 2132 «nec
971 2065 1112 2132 amicum

93 2179 211 2269 babeo,
235 2205 298 2250 neo
318 2179 538 2251 inimicumis
559 2181 804 2275 procurritque,
820 2182 913 2274 qussi
932 2184 1115 2277 precipita-

92 2313 181 2368 tums
195 2325 231 2370 se
246 2303 281 2370 in
297 2301 452 2372 Tiberim.

136 2423 288 2492 XLVIII.
308 2421 372 2492 Sed
392 2437 544 2492 revocmc
567 2439 683 2495 rursus
701 2406 846 2517 impetu,
865 2420 991 2515 aliquid
1012 2447 1115 2493 secre-

90 2539 178 2610 tioris
202 2539 336 2610 latebrue
361 2541 404 2610 ad
429 2541 649 2638 colligendum
671 2545 817 2612 animum
840 2542 1035 2612 desiderauit
1055 2570 1063 2612 ε
1080 2560 1114 2612 et

87 2659 243 2730 offerente
257 2662 405 2732 Phaonte
423 2661 542 2732 liberto
556 2661 782 2733 suburbanum
800 2685 896 2730 suum
917 2661 1005 2730 inter
1024 2662 1114 2731 Sale-

88 2780 170 2848 riam
186 2793 221 2850 et
239 2781 482 2852 Nomentanam
505 2783 593 2852 mem
615 2782 703 2851 circa
725 2795 879 2878 quartum
903 2778 1112 2864 milliarium,

88 2914 126 2966 ut
149 2915 220 2970 erat
243 2901 335 2970 nudo
356 2900 441 2995 pede
466 2917 564 2995 atque
588 2903 772 2986 tunicatus,
792 2897 952 2994 penulam
973 2899 1111 2968 obsoleti

85 3015 205 3088 mloris
222 3019 452 3116 superinduit:
470 3021 694 3116 adopertoque
710 3021 835 3113 capite,
850 3034 884 3086 et
901 3033 978 3087 ante
997 3017 1112 3088 faciem

83 3137 221 3210 obtento
237 3139 392 3224 sudario,
409 3165 530 3234 equum
545 3140 725 3229 inscendit,
746 3153 889 3234 quatuor
909 3138 986 3208 solis
1009 3144 1113 3210 comi·

83 3259 250 3346 dnobus,
267 3261 353 3330 inter
375 3285 459 3354 quoe
474 3275 507 3330 et
525 3263 651 3355 Sporus
669 3275 749 3328 erat.
769 3261 950 3352 Statimque
970 3275 1112 3329 tremore

77 3391 196 3464 terre,
208 3394 243 3448 et
262 3378 393 3475 fulgure
408 3379 545 3462 adverso
560 3379 766 3475 pavefactus,
780 3380 884 3450 audiit
901 3403 941 3448 ex
953 3382 1112 3473 proximis

77 3500 200 3567 muts
232 3498 409 3573 clamorem
434 3499 596 3588 militum,
615 3515 649 3570 et
672 3501 734 3570 sibi
757 3500 913 3588 adversa,
939 3514 972 3569 et
997 3497 1113 3568 Galbae

74 3639 242 3710 prospera
256 3619 478 3690 eminentium
493 3645 501 3689 :
515 3622 614 3689 etiam
631 3643 671 3689 ex
689 3620 794 3688 obviis
807 3619 987 3704 viatoribus
1000 3641 1112 3710 quem·

72 3732 162 3804 dam
186 3735 373 3822 dicentem,
395 3741 469 3808 «ui
500 3741 665 3810 Neronem
697 3711 979 3832 persequuntui3s
1010 3735 1110 3804 alium

69 3855 322 3944 sciscitantem,
339 3858 495 3952 «Ecquid
507 3861 542 3928 iu
559 3859 651 3930 Urbe
669 3860 746 3927 noui
764 3858 804 3926 de
819 3857 972 3926 Nerone?
983 3887 1000 3920 n
1016 3861 1110 3949 Equo

68 3989 196 4044 antem
217 3977 319 4048 odore
338 3980 456 4074 abjecti
477 3982 511 4050 iu
537 3983 591 4049 via
611 3981 778 4050 cadaueris
803 3993 1029 4064 consternato,
1054 3978 1109 4045 de-

68 4108 170 4164 tecto
186 4094 264 4167 secie
281 4101 414 4194 agnitus
426 4113 476 4170 est
493 4099 670 4193 aquodam
687 4099 1059 4192 missicio-praetoriano,
1078 4113 1111 4166 et
