3108 5434
26 3913 28 3974 l

415 469 815 530 oerumusnucusrus.
1066 509 1114 546 Η,

113 583 304 670 circulusad
324 592 466 682 speciem
486 591 623 662 coelestis
645 619 739 664 arcus
759 595 872 662 orbem
892 595 968 665 solis
988 599 1116 667 ambiit:

111 727 150 770 ae
165 706 301 774 subinde
319 707 429 794 tolie,
449 712 583 780 Gestaris
607 710 695 799 liliae,
715 727 966 782 monumentum
987 715 1120 810 fulmine

114 823 207 890 ictum
221 838 280 892 est.
296 827 408 896 Prono
423 842 531 898 autem
545 828 731 917 consulatu,
747 832 777 898 ei
791 831 965 925 augurium
980 835 1120 927 capienti

114 938 280 1010 duodecim
298 967 333 1010 se
352 943 514 1030 vultures,
531 961 569 1016 ut
581 944 741 1035 Romulo,
753 949 990 1036 ostenderunt;
1009 967 1042 1020 et
1062 953 1122 1034 im-

115 1057 240 1128 molenti
263 1060 412 1132 omnium
431 1065 638 1134 victimarum
653 1067 802 1158 jecinora
822 1067 978 1160 replicata
1001 1056 1119 1138 intrin-

114 1199 197 1248 secus
217 1177 347 1274 abhimn
364 1179 444 1250 fibra
463 1196 661 1275 patuerunt,
681 1186 811 1254 nemine
826 1187 1006 1279 peritorum
1027 1187 1123 1258 aliter

114 1295 328 1386 conjectante,
348 1322 446 1389 quam
460 1297 532 1370 laeta
554 1325 613 1393 per
632 1302 701 1372 haec
722 1318 756 1372 et
770 1327 888 1398 magna
908 1306 1071 1398 portendi.

152 1416 274 1483 xcvl.
301 1416 392 1504 Quin
408 1431 441 1486 et
456 1415 618 1488 bellorum
634 1421 783 1490 omnium
799 1436 936 1491 eventum
949 1438 1025 1492 ante
1037 1448 1121 1516 pre·

113 1532 215 1600 sensit.
243 1533 432 1602 Contractis
461 1535 502 1604 ad
525 1539 705 1606 Bononiam
732 1539 979 1610 triumvirorum
1002 1543 1122 1634 copiis,

112 1649 232 1739 aquila,
252 1652 396 1720 tentorio
415 1651 484 1743 ejus
504 1653 737 1746 supersedens,
757 1655 841 1724 duos
860 1681 975 1726 corvos
992 1659 1071 1726 hinc
1090 1675 1123 1728 et

113 1765 180 1836 iude
205 1769 397 1840 infestantes
422 1769 554 1858 alllixit,
578 1785 612 1842 et
637 1773 678 1840 ad
702 1787 822 1842 terram
850 1773 961 1860 dedit;
988 1789 1124 1844 notente
1237 1829 1240 1836 ⁴

112 1888 193 1956 omni
213 1889 380 1974 exercitu,
400 1889 546 1960 futuram
567 1889 763 1984 quandoque
788 1891 874 1960 inter
896 1890 1037 1986 collegas
1060 1894 1124 1964 dis·

112 2005 253 2074 cordiam
269 2003 386 2094 talem,
404 2005 508 2100 qualis
523 2020 635 2076 secuta
656 2019 722 2094 est,
740 2022 839 2100 atque
860 2010 983 2078 exitum
1007 1997 1123 2104 presa-

112 2123 223 2214 giente.
242 2127 283 2192 In
299 2123 476 2218 Philippis,
496 2122 669 2196 Thessalus
685 2125 817 2216 quidem
837 2126 878 2194 de
896 2126 1007 2199 sutura
1025 2131 1124 2198 victo·

112 2240 152 2308 tia
179 2243 370 2329 nunciavit,
397 2257 529 2312 auctore
553 2245 595 2312 D.
624 2245 770 2328 Cessare,
795 2245 888 2336 cujus
914 2245 975 2314 sibi
1002 2249 1123 2340 species

112 2360 224 2426 itinere
246 2360 321 2428 avio
341 2361 543 2432 occurrisset.
566 2361 661 2430 Circa
678 2362 864 2448 Perusiam,
881 2363 1040 2432 sacrificio
1056 2385 1122 2432 non

111 2473 238 2566 literne,
253 2501 356 2568 quum
370 2477 483 2570 augeri
497 2477 617 2546 hostias
633 2478 839 2570 imperasset,
856 2503 893 2546 nc
907 2479 1013 2548 subita
1028 2505 1124 2574 erup-

112 2595 195 2667 tione
212 2596 325 2664 hostes
341 2618 470 2662 omnem
487 2595 536 2662 rei
553 2593 669 2664 divine
686 2609 878 2688 apparatum
896 2593 1124 2682 abstulissent,

110 2714 254 2785 metitis
281 2713 367 2782 inter
391 2712 597 2805 haruspices,
623 2737 696 2805 quea
726 2711 906 2804 periculosa
931 2727 964 2780 et
990 2714 1125 2784 adversa

110 2831 306 2902 sacrificanti
325 2831 521 2900 denunciata
543 2843 665 2915 essent,
687 2843 804 2898 cuneta
826 2830 860 2896 in
882 2827 956 2898 illos
975 2854 1125 2900 recasura

109 2952 160 3041 qui
184 2963 263 3016 exte
285 2949 454 3018 haberent.
479 2950 595 3039 Neque
617 2946 711 3016 aliter
731 2947 850 3014 evenit.
875 2947 1003 3033 Pridie,
1026 2973 1123 3040 quam

109 3065 315 3136 Siciliensem
330 3089 475 3160 pugnam
491 3061 592 3132 classe
609 3064 837 3149 committeret,
855 3061 1075 3134 deambulanti
1092 3067 1126 3134 in

110 3183 202 3254 litore
224 3187 326 3278 piscis
349 3207 368 3252 e
391 3184 473 3252 mari
495 3181 642 3266 exsiluit,
666 3197 699 3250 et
719 3182 760 3250 ed
779 3181 878 3275 pedes
896 3184 1008 3274 jacuit.
1030 3185 1126 3276 Apud

109 3307 264 3391 Actium,
295 3301 503 3372 descendenti
535 3303 570 3372 in
602 3301 704 3370 aciem
734 3299 851 3370 asellus
883 3325 960 3368 cum
988 3303 1127 3372 asinario

109 3425 255 3492 occurrit
275 3447 284 3490 :
301 3422 425 3492 homini
446 3413 630 3513 Eutychus,
648 3399 757 3488 bestiae
776 3421 884 3490 Nicon
905 3434 975 3488 erat
996 3444 1125 3488 nomen.

109 3543 293 3632 Utriusque
305 3537 512 3608 simulacrum
525 3561 648 3610 aeneum
662 3538 766 3604 victor
777 3538 886 3629 posuit
898 3537 932 3604 in
946 3536 1081 3630 templo,
1094 3537 1128 3604 in

108 3661 196 3752 quod
210 3674 395 3731 castrorum
408 3681 542 3726 suorum
556 3653 665 3724 locum
677 3656 786 3724 vertit.

154 3779 297 3848 XCVI]-
322 3777 415 3848 Mors
440 3797 569 3868 quoque
595 3775 684 3868 ejus,
710 3772 751 3842 de
777 3796 843 3864 qua
864 3771 981 3840 dehinc
1005 3771 1128 3854 dicam,

108 3895 332 3986 divinitasque
354 3906 429 3987 post
452 3905 607 3976 mortem,
626 3890 872 3960 evidentissimis
893 3888 1026 3955 ostentis
1045 3912 1127 3980 prae·

26 4039 27 4044 ¹
107 4015 245 4108 cognita
270 4025 327 4082 est.
353 4013 469 4098 Quum
496 4009 635 4078 lustrum
665 4009 698 4076 in
725 4030 841 4098 campo
865 4007 987 4074 Martio
1013 4029 1130 4100 magna

26 4271 28 4368 l

26 4459 28 4556 l

26 4635 28 4748 l
