3114 5446
483 509 538 570 ahl,
882 503 911 556 G
933 501 1105 556 SUE'llONll

481 627 548 718 pit,
569 649 673 717 neque
689 649 801 694 eornm
818 626 994 716 quicquam
1011 625 1178 708 omittere,
1198 649 1269 717 quse
1284 629 1407 718 generis
1420 631 1475 720 ejus

480 744 639 825 artifices,
665 742 714 811 vel
742 739 970 810 conservandas
998 743 1085 812 vocis
1116 766 1232 828 causa,
1260 742 1310 812 vel
1343 746 1476 838 augenda

480 861 683 948 factitarent3
700 859 755 928 sed
783 875 815 928 et
837 859 1023 954 plumbeam
1046 861 1191 930 chartam
1215 863 1351 954 supinus
1368 879 1478 956 pectore

481 981 657 1064 sustinere,
676 993 708 1047 et
734 978 871 1072 clystere
891 981 1080 1070 vomituque
1106 981 1257 1073 purgari,
1278 996 1312 1049 et
1337 981 1477 1050 abstinere

480 1101 586 1192 pomis
598 1098 743 1190 cibisque
756 1096 989 1184 officientibus,
1006 1097 1125 1180 donec,
1143 1095 1330 1168 blandiente
1346 1099 1477 1192 prosectu

480 1217 697 1309 (quamquam
717 1216 840 1310 exiguae
863 1217 951 1284 vocis
966 1229 999 1284 et
1020 1215 1144 1308 fusce),
1165 1215 1295 1310 prodire
1314 1221 1348 1284 in
1367 1242 1478 1286 scenam

480 1337 684 1429 concupivit,
701 1334 839 1404 subinde
849 1336 933 1403 inter
945 1333 1118 1404 familiares
1130 1359 1270 1428 graecum
1287 1337 1479 1428 proverbium

477 1457 621 1547 jactans,
639 1452 799 1522 «occulte
826 1455 957 1522 musicae
979 1451 1105 1522 nullum
1128 1477 1196 1522 esse
1220 1469 1433 1547 respectum.»
1448 1458 1481 1522 Et

480 1571 603 1667 prodiit
630 1570 768 1665 Neapoli
797 1573 956 1666 primum;
984 1595 1022 1639 uc
1046 1595 1088 1640 ne
1115 1595 1272 1640 concusso
1289 1571 1417 1664 quida·
1440 1597 1481 1640 re

479 1704 577 1784 pente
603 1704 695 1758 motu
717 1703 810 1757 terrae
833 1689 961 1758 theatro
981 1703 1056 1758 ante
1075 1703 1207 1759 cantare
1236 1688 1381 1778 destitit,
1397 1715 1481 1783 quam

479 1810 668 1878 inchoatum
684 1807 864 1877 absolveret
879 1799 982 1898 νόμον.
1000 1807 1124 1876 Ibidem
1139 1809 1270 1900 saepius,
1287 1823 1320 1876 et
1335 1834 1393 1902 per
1409 1833 1485 1878 eom·

479 1927 588 2023 plures
602 1929 745 1996 cantavit
760 1927 828 1995 dies
843 1952 850 1994 :
866 1941 975 1995 sumto
993 1927 1091 1994 etiam
1106 1927 1147 1994 ad
1163 1926 1370 1996 reficiendam
1382 1951 1484 1996 vocem

478 2047 569 2114 brevi
589 2061 754 2138 tempore,
775 2045 947 2138 impatiens
960 2046 1075 2113 secreti
1092 2069 1112 2114 a
1128 2043 1263 2114 balineis
1281 2045 1313 2113 in
1335 2045 1486 2114 theatrum

479 2166 625 2250 transiit,
646 2163 815 2256 mediaque
833 2165 866 2230 in
883 2164 1049 2232 orchestra
1064 2161 1231 2255 frequente
1249 2163 1373 2258 populo
1389 2161 1485 2257 epula·

480 2299 552 2370 tus,
569 2285 622 2351 asi
637 2279 772 2376 paulum
791 2281 1004 2366 subbibisset,
1023 2279 1146 2374 aliquid
1163 2308 1197 2350 se
1211 2282 1339 2350 sufferti
1359 2284 1486 2350 unnitu·

479 2425 593 2487 rum,a
611 2424 715 2495 greco
732 2423 880 2468 sermone
893 2399 1053 2494 promisit.
1065 2402 1189 2494 Captus
1202 2413 1310 2470 autem
1324 2399 1489 2470 modulatis

478 2518 773 2589 Alexandrinorum
791 2516 1050 2601 laudationibus,
1069 2518 1186 2612 quide
1205 2543 1292 2586 novo
1311 2534 1487 2588 commeatu

476 2637 640 2730 Neapolin
677 2637 925 2723 confluxerant,
960 2635 1068 2729 plures
1107 2636 1299 2708 Alexandria
1341 2640 1489 2707 evocavit.

477 2758 593 2850 Neque
614 2781 653 2826 eo
678 2757 809 2850 segnius
834 2754 1089 2824 adolescentulos
1112 2758 1269 2848 equestris
1292 2757 1442 2844 ordinis,
1461 2771 1491 2824 et

477 2877 624 2970 quinque
641 2873 781 2969 amplius
800 2872 900 2942 millia
918 2898 936 2942 e
955 2871 1048 2966 plebe
1071 2874 1302 2944 robustissime
1317 2875 1494 2968 juventutis

477 2993 621 3084 undique
634 2991 748 3086 elegit,
764 2995 837 3085 qui,
853 2992 947 3060 divisi
960 2993 993 3060 in
1008 2991 1181 3079 factiones,
1195 2992 1374 3086 plausuum
1384 3017 1496 3086 genera

480 3109 705 3178 condiscerent
724 3109 886 3205 (bourbos,
907 3124 940 3178 et
963 3108 1123 3192 imbrices,
1140 3125 1172 3178 et
1188 3125 1287 3180 testas
1302 3111 1496 3200 vocabant),

478 3252 677 3320 operamque
694 3243 851 3296 navarent
869 3228 1013 3297 cantanti
1033 3227 1114 3314 sibi,
1129 3230 1269 3322 insignes
1284 3231 1498 3325 pinguissima

477 3370 590 3431 coma,
611 3359 644 3413 et
669 3344 936 3415 excellentissimo
960 3343 1050 3414 cultu
1068 3348 1181 3438 pueri,
1202 3371 1262 3416 nec
1285 3350 1362 3416 sine
1382 3343 1500 3416 annulo

476 3463 562 3532 lavis
582 3489 747 3558 :quorum
765 3464 864 3534 duces
883 3463 1094 3559 quadragena
1109 3464 1210 3534 millia
1227 3468 1422 3536 sestertium
1437 3488 1500 3534 me·

475 3582 599 3652 rebant.

521 3703 610 3770 XXI.
627 3705 740 3792 Quum
761 3704 870 3797 magni
890 3705 1063 3773 estimaret
1084 3719 1215 3774 cantare
1233 3707 1337 3774 etiam
1365 3711 1501 3786 Romae,

473 3821 661 3890 Neroneum
680 3845 786 3914 agona
799 3835 875 3891 ante
893 3825 1108 3917 praestitutam
1126 3822 1212 3890 diem
1232 3827 1431 3910 revocavit3
1445 3825 1503 3891 lla·

472 3939 713 4030 gitantibusque
721 3941 846 4008 cunctis
855 3938 1016 4009 ooelcstem
1025 3943 1340 4036 vocem,respnndit
1350 3943 1507 4037 quidem,

472 4083 489 4116 a
501 4057 534 4122 in
554 4057 657 4124 hortis
674 4082 707 4125 se
727 4057 854 4150 copiam
874 4057 1057 4128 volentibus
1078 4061 1240 4130 facturum
1259 4087 1267 4128 :
1283 4091 1301 4126 s
1322 4063 1388 4132 sed
1405 4063 1506 4156 adju·
