3138 5438
437 525 471 580 18
832 521 861 574 C.
878 515 1053 578 sUE‘tttNtt
1173 546 1179 560 ·

326 695 328 705 ,
433 659 520 734 erat,
537 644 671 740 paulum
688 643 849 729 constitit,
868 667 906 712 ac
922 655 1078 735 reputans
1096 655 1255 732 quantum
1275 637 1462 714 moliretur.

434 789 612 836 conversus
635 763 677 832 ad
697 763 885 856 proximos,
907 763 1022 829 Etiam
1046 783 1156 842 noae,
1182 759 1311 850 inquit,
1337 756 1466 851 regredi

427 906 637 969 possumus:
663 880 756 975 quod
782 881 814 950 si
832 879 1042 975 pontr‘culum
1070 878 1319 962 transieramus,
1350 874 1463 944 omniu

432 1003 537 1072 annu
552 997 685 1094 gendo
701 1013 805 1069 erunt.
1542 973 1545 980 Δ

479 1120 619 1188 XXXII.
644 1116 825 1186 Cunctanti
838 1127 1004 1184 ostentum
1018 1113 1083 1183 tale
1098 1113 1223 1182 Iactum
1240 1129 1299 1182 est.
1314 1114 1460 1214 Quidam

432 1238 553 1308 eximia
565 1234 793 1330 magnitudine
803 1248 837 1304 et
848 1233 954 1302 formu
969 1233 1004 1300 in
1020 1233 1172 1326 proximo
1186 1232 1316 1318 sedena
1328 1248 1463 1324 repente

432 1355 602 1451 apparuit,
621 1353 782 1424 arundine
799 1377 922 1422 canens
939 1377 947 1422 ε
965 1352 1008 1422 ad
1024 1375 1122 1446 quem
1142 1351 1341 1420 audiendum
1359 1371 1462 1443 quum

432 1488 550 1567 prater
577 1486 742 1566 pastores,
770 1470 906 1566 plurimi
933 1473 1030 1540 etiam
1057 1495 1097 1538 ex
1124 1469 1318 1540 stationibus
1341 1467 1464 1538 milites

431 1592 689 1678 concurrissent,
710 1591 861 1682 interque
876 1613 933 1658 eos
952 1603 985 1658 et
1004 1603 1202 1673 aeneatores,
1222 1601 1317 1680 rapta
1334 1586 1375 1654 ab
1392 1611 1463 1654 uno

432 1711 511 1778 tuba
535 1706 688 1803 prosiluit
712 1707 755 1776 ad
781 1694 927 1794 flumen,
947 1721 980 1775 et
1001 1707 1128 1799 ingenti
1150 1707 1266 1798 spiritu
1289 1703 1463 1774 classicum

431 1851 580 1913 exorsus,
593 1824 759 1920 pertendit
770 1825 812 1894 ad
823 1824 960 1894 alteram
971 1825 1087 1918 ripam.
1097 1826 1191 1892 Tune
1203 1825 1324 1912 Caesar,
1335 1827 1369 1892 Ε
1369 1837 1463 1910 atur,

432 1945 556 2038 inquit,
584 1968 651 2040 quo
680 1939 816 2014 deam
846 1955 977 2014 ostenta
1005 1956 1037 2010 et
1067 1944 1272 2014 mimicorum
1305 1942 1466 2037 rist'quitos

432 2077 542 2134 vocat.
558 2068 654 2133 lacta
670 2063 744 2132 alea
759 2075 838 2132 esto.

479 2183 637 2252 XXXIII.
662 2182 771 2271 Atque
788 2179 833 2246 ita
851 2179 986 2272 trajecto
1003 2180 1163 2265 exercitu,
1181 2179 1335 2248 adhibitis
1355 2180 1467 2248 tribu-

433 2300 485 2367 nis
503 2295 624 2392 plebis,
642 2297 699 2388 qui
716 2293 803 2389 pulsi
820 2312 1092 2391 supervenerant,
1110 2322 1171 2390 pro
1188 2299 1345 2366 concione
1362 2298 1469 2368 fidem

432 2415 598 2501 militum,
618 2414 723 2501 flens,
743 2437 781 2481 ac
801 2427 891 2481 veste
913 2437 932 2480 a
954 2427 1088 2506 pectore
1110 2414 1262 2500 discissa,
1283 2415 1467 2484 invocavit.

432 2533 645 2604 Existimetur
669 2530 767 2599 etiam
789 2545 955 2623 equestres
977 2554 1093 2600 census
1110 2528 1276 2625 pollicitus
1296 2531 1468 2626 singulis:

432 2651 521 2745 quod
541 2649 660 2720 accidit
680 2651 836 2745 opinione
858 2648 948 2719 falsa.
969 2651 1055 2718 Nam
1080 2673 1182 2744 quum
1204 2653 1238 2718 in
1263 2651 1471 2744 alloquendo

431 2769 699 2861 exhortandoque
725 2770 842 2862 saepius
871 2767 1011 2862 digitum
1038 2767 1124 2838 laevae
1151 2793 1267 2838 manus
1294 2783 1472 2840 ostentans

431 2886 628 2974 affirmaret,
660 2911 694 2954 se
721 2886 763 2954 ad
792 2885 1056 2954 satisfaciendum
1087 2889 1259 2974 omnibus,
1288 2913 1348 2981 per
1377 2915 1474 2981 quos

431 3003 625 3097 dignitatem
637 3025 730 3072 suam
741 3002 933 3072 defensurus
943 3003 1213 3088 esset,uunulum
1224 3027 1357 3098 quoque
1365 3031 1475 3100 aequo

431 3121 543 3188 animo
567 3119 791 3190 detracturum
817 3121 900 3205 sibi;
925 3135 1070 3190 extrema
1095 3124 1231 3208 concio,
1254 3125 1308 3194 cui
1333 3123 1476 3196 facilius

430 3251 500 3307 erat
517 3236 628 3306 videre
643 3239 907 3324 concionantem,
925 3263 1024 3330 quam
1041 3239 1170 3326 audire,
1188 3265 1249 3333 pro
1266 3241 1355 3310 dieto
1372 3267 1479 3314 acce·

431 3357 495 3450 pit,
511 3355 602 3449 quod
616 3355 689 3424 visu
704 3357 930 3451 suspicabatur
945 3382 953 3424 :
971 3358 1236 3456 promissumque
1249 3359 1304 3450 jus
1319 3361 1478 3432 annulo·

430 3497 505 3544 rum
521 3497 598 3542 cum
615 3472 759 3544 millibus
776 3473 1027 3569 quadringenis,
1043 3473 1130 3544 fama
1148 3473 1286 3544 distulit.

476 3595 633 3663 XXXIV.
662 3591 756 3662 Ordo
773 3607 806 3662 et
823 3617 950 3662 summa
966 3617 1094 3677 rerum,
1114 3617 1196 3686 quas
1212 3592 1368 3688 deinceps
1391 3622 1480 3691 ges.

430 3713 489 3799 sit,
509 3711 556 3780 sic
572 3735 606 3780 se
625 3711 758 3780 hebent.
775 3711 949 3799 Picenum,
965 3711 1156 3798 Umbriam,
1175 3713 1345 3782 Etruriam
1363 3739 1483 3788 occu-

429 3829 521 3923 pavit
539 3854 548 3896 ε
567 3843 601 3898 et
621 3831 661 3898 L.
680 3829 847 3915 Domitio,
870 3831 927 3921 qui
953 3852 1013 3921 per
1036 3828 1216 3898 tumultum
1238 3853 1422 3904 successor
1448 3839 1485 3906 ei

428 3948 637 4030 nummatus,
656 3945 840 4016 Corfinium
858 3947 1009 4040 prasidio
1029 3948 1174 4034 tenebat,
1199 3949 1233 4016 in
1258 3947 1488 4024 deditionem

428 4063 560 4134 redacto
577 4079 677 4156 atque
695 4062 843 4150 dimisso,
861 4064 1043 4134 secundum
1060 4069 1224 4158 Superum
1246 4093 1338 4138 mare
1353 4073 1487 4142 Brun-
