3098 5446
487 523 711 580 νιτειιιυε.Ι
1082 545 1120 603 29

100 649 201 741 magis,
214 672 313 741 quam
329 649 453 742 gratia,
469 647 622 718 electum.
637 652 722 718 Satis
735 663 883 736 constat,
902 655 1032 722 exituro
1047 656 1118 722 via·

100 771 181 838 ticum
197 768 359 856 defuisse,
384 784 641 865 tantaegestate
659 772 707 839 rei
728 769 919 860 familiaris,
935 786 992 861 ut,
1011 799 1113 844 uxore

99 905 123 958 et
138 888 257 975 liberis,
280 915 364 983 quos
378 895 493 960 Romae
511 889 733 983 relinquebat,
749 893 920 962 meritorio
942 895 1113 966 ooenaculo

98 1011 214 1098 abditis,
228 1008 365 1078 domum
385 1012 419 1080 in
434 1009 597 1105 reliquam
618 1027 747 1106 partem
767 1014 846 1081 anni
862 1011 1050 1102 ablocaret3
1065 1031 1116 1085 ut·

97 1157 150 1225 que
164 1157 199 1202 ex
217 1157 297 1202 aure
312 1133 425 1210 matris
445 1131 630 1200 detractum
648 1134 804 1201 unionem
827 1133 1052 1227 pigneraverit
1072 1137 1113 1204 ad

97 1255 204 1324 itineris
225 1255 399 1348 impensas.
421 1251 634 1322 Creditorum
650 1252 785 1346 quidem
799 1253 1059 1346 praestolantium
1077 1279 1114 1324 ac

95 1376 297 1444 detinentium
314 1375 466 1462 turbam,
487 1388 520 1443 et
542 1375 577 1442 in
596 1373 647 1442 his
668 1374 885 1442 Sinuessanos
904 1376 1116 1444 Formianos-

93 1520 330 1590 que,.quorum
349 1493 484 1589 publica
507 1493 678 1589 vectigalia
699 1495 942 1582 interverterat,
968 1519 1036 1563 non
1056 1497 1119 1564 nisi

93 1635 206 1686 terrore
222 1614 395 1686 calumniae
409 1615 553 1702 amovit;
570 1637 675 1708 quum
687 1612 844 1682 libertino
860 1612 1010 1703 cuidam,
1030 1639 1119 1686 acer-

92 1740 158 1808 bius
183 1736 329 1806 debitum
349 1736 556 1830 reposcenti,
587 1735 784 1828 injuriarum
805 1713 1003 1822 formulam,
1025 1738 1118 1830 quasi

91 1859 171 1929 culce
185 1857 226 1926 ab
245 1882 285 1927 eo
304 1880 495 1951 percussus,
513 1854 724 1936 intendisset,
739 1879 800 1923 nec
815 1853 922 1940 aliter,
939 1880 1040 1953 quam
1057 1881 1117 1940 ‚ex-

91 1981 186 2050 tortis
201 1979 444 2074 quinquaginta
469 1977 642 2063 sestertiis,
662 1977 850 2046 remisisset
880 1976 1119 2046 Aduenientem

90 2100 167 2170 male
182 2102 345 2170 animatus
361 2123 438 2193 erga
457 2098 642 2192 principem
662 2097 849 2182 exercitus,
870 2121 1061 2190 pronusque
1076 2099 1118 2168 ad

88 2248 135 2291 res
164 2245 282 2304 novas,
315 2218 421 2288 libens
449 2242 487 2286 ac
513 2218 639 2312 supinis
664 2217 818 2286 manibus
849 2218 1001 2312 excepit,
1029 2217 1121 2288 velut

88 2344 172 2412 dono
189 2341 286 2410 deum
303 2337 470 2423 oblatum,
484 2352 537 2438 ter
555 2335 698 2406 consulis
715 2335 956 2425 lilium,;aetate
975 2340 1122 2434 integra,

86 2463 169 2534 ucili
185 2487 224 2532 ac
238 2459 379 2555 prodigo
393 2460 515 2528 animo.
536 2458 648 2546 Quam
663 2471 811 2526 veterem
826 2456 869 2525 de
885 2483 921 2526 se
938 2462 1121 2552 persuasio·

86 2609 156 2654 nem
184 2579 339 2653 Vitellius
363 2577 553 2649 recentibus
577 2578 678 2648 etiam
706 2579 941 2672 experimentis
965 2596 1122 2665 auxerat,

84 2719 148 2772 tota
162 2704 216 2772 via
232 2701 450 2795 caligatorum
466 2721 600 2792 quoque
618 2695 761 2766 militum
781 2696 897 2766 obvios
914 2696 1121 2783 exosculans,

82 2847 205 2918 perque
230 2819 360 2890 stabula
385 2844 424 2888 ac
444 2819 632 2888 deversoria
657 2815 861 2885 mulionibus
881 2841 919 2884 ac
940 2816 1121 2886 viatoribus

81 2941 353 3039 praetermodum
373 2940 498 3023 comis;
517 2953 555 3006 ut
574 2961 673 3008 mane
691 2935 858 3029 singulos,
871 2936 1121 3029 jamnejeutas-

79 3081 166 3154 sent,
194 3063 429 3148 sciscitaretur,
448 3083 548 3151 seque
577 3057 707 3144 fecisse,
726 3070 823 3124 ructu
846 3081 979 3150 quoque
1007 3073 1120 3128 osten·

79 3185 184 3256 deret.

124 3311 223 3376 Vlll.
239 3310 374 3377 ,Castra
404 3330 483 3374 vero
513 3303 690 3398 ingressus·
709 3300 792 3371 nihil
816 3301 949 3372 cuidam
973 3305 1122 3396 poscenti

77 3430 216 3522 negavit
243 3443 373 3520 :atque
408 3428 507 3494 etiam
537 3422 626 3494 ultro
656 3424 886 3519 ignominiosis
904 3436 1029 3509 notas,
1060 3424 1123 3489 reis

76 3547 212 3633 sordes,
223 3547 393 3616 damnatis
405 3543 568 3640 supplicia
580 3545 711 3613 demsit.
724 3545 852 3631 Quare,
863 3543 1123 3611 vixdummense

75 3681 266 3755 transacto,
287 3691 394 3762 neque
418 3665 504 3748 diei,
531 3689 637 3758 neque
663 3665 821 3757 temporis
840 3661 954 3731 habita
974 3663 1123 3744 rationo,

71 3813 113 3856 ac
128 3791 204 3882 jam
231 3813 382 3882 vespere,
404 3787 513 3856 subito
539 3811 558 3854 a
590 3783 750 3854 militibus
772 3807 791 3852 e
814 3780 968 3852 cubiculo
988 3795 1122 3874 raptus,

71 3910 120 3978 ita
136 3925 177 3978 ut
193 3925 279 3993 erat,
302 3911 338 3978 in
353 3922 450 3977 ¹veste
469 3907 667 3990 domestica,
686 3907 867 3999 imperator
889 3917 939 3971 est
966 3899 1123 3970 consalu-

70 4045 165 4098 tatus
178 4083 189 4114 ,
204 4028 491 4121 ‚circumlatusque
515 4052 573 4121 per
589 4025 820 4100 celeberrimos
841 4025 951 4108 vicos,
969 4024 1122 4091 strictum

66 4147 143 4216 divi
169 4149 250 4220 Julii
280 4148 425 4242 gladium
443 4162 586 4234 tenens,
607 4146 791 4215 detractum
812 4144 949 4214 delubro
975 4143 1120 4228 Martis,
