3098 5446
433 549 488 602 27⁰
698 532 701 538 ·
832 529 861 584 c,
883 527 1057 584 sunmuu

433 669 547 740 nuato,
566 652 668 722 oculis
685 653 784 722 raesiis
800 666 833 720 et
853 651 1092 738 hebetioribus,
1107 653 1231 721 cervice
1248 653 1352 740 obesa,
1367 681 1427 724 ren·
1519 631 1520 666 l

431 791 481 842 tre
498 769 868 868 projecto-,—gracillimis
885 771 1056 860 cruribus,
1078 768 1263 840 valetudine
1284 797 1426 868 prospera.
1519 749 1520 820 i

432 895 537 982 Nam,
558 895 615 986 qui
639 891 774 960 luxuriae
801 870 1111 960 immoderatissimae
1129 905 1232 978 esset,
1247 905 1294 960 ter
1314 895 1428 963 omnino

431 1035 489 1105 per
507 1009 754 1104 quatuordecim
778 1033 881 1079 annos
907 1007 1053 1104 languit,
1072 1023 1172 1103 atque
1196 1011 1261 1098 ita,
1280 1024 1315 1080 ut
1338 1036 1429 1104 neque
1519 999 1520 1004 ἵ

430 1133 636 1224 vino‚neque
645 1129 880 1198 consuetudine
889 1127 1015 1222 reliqua
1024 1128 1211 1199 abstineret.
1222 1129 1313 1200 Circa
1323 1129 1429 1199 ceilam

430 1251 643 1344 habitumque
654 1249 735 1318 adeo
747 1247 936 1344 pudendus,
952 1263 989 1316 ut
1006 1271 1136 1317 comam
1148 1271 1274 1344 semper
1286 1251 1318 1318 in
1329 1249 1431 1343 gradus

430 1369 621 1454 formatam,
641 1370 903 1463 peregrinatione
920 1368 1067 1456 achaica,
1083 1369 1181 1438 etiam
1196 1392 1282 1463 pone
1298 1369 1431 1437 verticem

431 1489 648 1574 summiserit3
668 1513 706 1557 ac
728 1487 920 1582 plerumque
937 1489 1161 1582 synthesinam
1182 1488 1332 1570 indutus,
1348 1486 1432 1582 ligato
1519 1535 1520 1538 κ

431 1608 554 1676 circum
573 1607 695 1677 collum
707 1607 860 1695 sudario,
876 1608 1036 1702 prodierit
1050 1610 1085 1676 in
1100 1605 1288 1702 publicum,
1303 1609 1367 1676 sine
1379 1609 1435 1675 cin·

430 1743 550 1810 otu‚et
564 1727 781 1798 discalciatus.
1242 1703 1247 1713 Ι

477 1849 549 1916 Lll.
570 1846 736 1917 Liberales
755 1847 940 1942 disciplinas
952 1873 1066 1917 omnes
1084 1847 1152 1917 lere
1165 1871 1247 1943 puer
1264 1843 1434 1940 attigitSed

431 1991 448 2032 a
471 1964 679 2060 philosophia
700 1989 777 2036 eum
797 1981 903 2038 mater
925 1969 1060 2055 avertit,
1080 1993 1234 2054 monens,
1253 1970 1436 2061 imperaturo

430 2087 630 2153 contrariam
648 2109 717 2154 esse
729 2111 769 2154 :a
785 2089 973 2182 cognitione
987 2103 1137 2158 veterum
1153 2101 1322 2157 oratorum
1332 2088 1436 2154 Seneca

431 2217 624 2297 preceptor,
649 2229 716 2298 quo
741 2205 865 2275 diutius
897 2209 932 2275 in
959 2206 1174 2276 admiratione
1199 2209 1251 2276 sui
1282 2206 1436 2274 detineret.

431 2325 545 2415 ltaque
559 2321 600 2391 ad
620 2299 791 2417 poeticam*
801 2348 925 2420 pronus
936 2377 945 2413 ,
957 2329 1104 2396 carmina
1120 2325 1259 2396 libenter
1274 2351 1312 2395 ae
1330 2325 1393 2394 sine
1405 2319 1439 2388 la

430 2441 510 2509 bore
525 2445 729 2537 composuit:
743 2469 821 2532 nec,
837 2459 874 2514 ut
892 2445 1025 2538 quidam
1041 2461 1176 2540 putant,
1195 2444 1303 2515 aliena
1315 2467 1373 2539 pro
1384 2441 1440 2509 suis

430 2558 541 2629 edidit.
559 2563 688 2631 Venere
707 2565 741 2632 in
759 2587 876 2633 manus
895 2587 983 2633 meas
1001 2563 1180 2660 pugillares
1196 2563 1364 2658 libellique
1377 2583 1440 2629 cunt

429 2681 625 2774 quibusdam
646 2685 824 2752 notissimis
840 2685 1007 2772 versibus,
1026 2687 1129 2779 ipsius
1144 2683 1365 2779 chirographo
1379 2679 1441 2748 scri·

428 2802 517 2895 ptis:
539 2817 577 2872 ut
600 2803 694 2872 saeile
717 2821 909 2900 appareret,
930 2829 997 2874 non
1019 2803 1214 2890 translatos,
1235 2817 1295 2874 aut
1314 2803 1442 2871 dictante

428 2923 539 3016 aliquo
555 2941 724 3020 exceptos,
736 2926 793 2994 sed
808 2925 904 3020 plane
922 2927 1015 3020 quasi
1033 2953 1053 2995 a
1068 2929 1236 3024 cogitante
1249 2939 1349 3019 atque
1361 2943 1444 3018 geue

427 3057 521 3110 rante
538 3059 702 3131 exaratos3'
721 3047 765 3114 ita
783 3046 885 3115 multa
902 3061 935 3116 et
948 3046 1069 3134 deleta,
1086 3063 1119 3116 et
1137 3047 1288 3135 inducta,
1301 3061 1333 3114 et
1349 3065 1443 3136 super·

430 3162 551 3253 scripta
566 3163 704 3232 inerant.
719 3165 845 3234 Habuit
858 3181 891 3233 et
903 3165 1295 3261 pingendi‚lingendique
1305 3165 1445 3243 maxime,

429 3303 495 3348 non
515 3281 679 3350 mediocre
697 3281 851 3352 studium.

473 3403 563 3469 Llll.
591 3403 737 3472 Maxima
754 3417 866 3472 autern
891 3405 1117 3500 popularitate
1136 3405 1357 3489 efferebatur,
1387 3421 1449 3468 otn-

389 3601 390 3604 ,
429 3521 519 3588 nium
553 3520 708 3607 aemulus,
730 3525 787 3616 qui
816 3524 1068 3618 quoquomodo
1089 3526 1237 3595 animum
1270 3523 1362 3617 vulgi
1386 3543 1449 3588 mo·

427 3653 551 3708 serent.
584 3641 674 3709 Exiit
706 3644 836 3737 opinio,
862 3659 936 3739 post
963 3648 1104 3716 scenicas
1136 3671 1278 3715 coronas
1309 3641 1449 3739 proximo

426 3757 530 3828 lustro
543 3759 773 3830 descensurum
791 3763 919 3833 eumad
937 3765 1090 3859 Olympia
1106 3767 1194 3834 inter
1206 3763 1361 3835 athletas.
1372 3764 1450 3832 Nam

427 3895 459 3946 et
485 3879 672 3968 luctabatur
696 3882 855 3952 assidue:
879 3909 939 3954 nec
967 3883 1063 3954 aliter
1090 3887 1274 3954 certamina
1307 3880 1451 3980 gymnica

427 4011 496 4066 tota
517 4001 644 4069 Graecia
670 4017 890 4096 spectaverat,
915 4029 1014 4097 quam
1036 4006 1274 4074 brabeutarum
1303 4027 1396 4073 more
1422 4003 1449 4065 itt

426 4117 531 4184 stadio
550 4119 644 4190 humi
664 4121 824 4211 assidens,
840 4149 896 4212 ac,
915 4126 941 4192 si
958 4149 1022 4218 qua
1042 4128 1133 4219 paria
1151 4125 1286 4219 longius
1306 4121 1452 4193 recessis-
