3114 5446
487 477 680 532 CLAUDIUS.
1044 473 1101 532 aab

123 601 276 669 XXXIII.
299 599 373 668 Cibi
391 601 524 692 vinique
539 621 738 692 quocunque
754 612 787 665 et
805 613 953 692 tempore
970 614 1004 668 et
1024 598 1100 670 loco

85 718 367 812 appetentissimus.
378 719 589 811 Cognoscens
606 716 773 810 quondam
790 718 824 784 in
838 719 978 810 Augusti
997 720 1101 803 Foro,

86 839 220 928 ictusque
246 835 362 904 nidore
385 836 533 929 prandii,
562 835 651 928 quod
672 837 705 904 in
728 837 878 930 proxima
895 838 1014 906 Martis
1032 837 1103 904 aede

85 951 166 1024 Saliis
183 955 418 1049 apparabatur,
436 954 757 1042 deserto‘tribunali,
773 953 919 1024 ascendit
932 953 974 1024 ad
992 979 1100 1026 sacer·

86 1073 178 1162 dotes,
205 1097 337 1166 unaque
360 1073 526 1170 decubuit.
552 1074 620 1143 Neo
642 1087 764 1142 temere
785 1097 932 1166 unquam
958 1073 1101 1143 triclinio

86 1192 241 1276 abscessit,
262 1193 326 1260 nisi
340 1192 501 1262 distentus
518 1217 555 1260 ac
573 1191 725 1276 madens,
744 1206 778 1260 et
794 1205 830 1260 ut
849 1193 960 1262 statim
979 1195 1100 1288 supino

86 1335 115 1378 ac
129 1335 185 1403 per
201 1335 355 1378 somnum
376 1311 480 1380 hiami
499 1313 599 1406 pinna
619 1313 652 1380 in
672 1336 708 1380 os
729 1311 908 1400 inderetur,
926 1312 968 1380 ad
984 1337 1103 1382 exone·

86 1429 213 1498 randum
235 1430 452 1498 stomachum.
470 1432 592 1532 ¹Somni
616 1431 800 1500 brevissimi
819 1431 1006 1526 erat‘(uana
1026 1447 1103 1502 ante

85 1547 213 1615 mediam
232 1563 361 1616 noctem
380 1548 576 1642 plerumque
593 1549 802 1642 evigilabat):
820 1565 858 1618 ut
876 1565 985 1618 tamen
1001 1552 1103 1620 inter·

84 1664 131 1734 diu
148 1691 388 1760 nonnunquam
401 1669 434 1736 in
446 1670 524 1760 jure
540 1667 679 1736 dicendo
697 1667 966 1757 obdormisceret,
984 1671 1104 1763 vixque

86 1784 119 1850 ab
136 1785 318 1872 advocatis,
338 1786 378 1852 de
394 1786 557 1856 industria
575 1813 691 1856 vocem
710 1788 925 1881 augentibus,
946 1789 1102 1858 excitare·

84 1883 142 1970 turi
158 1903 324 1972 Libidinis
339 1907 372 1972 in
387 1905 522 1976 seminas
540 1907 791 2000 profusissime,
809 1909 950 1975 marium
967 1909 1103 1977 omnino

84 2045 199 2114 expers.
217 2021 335 2092 Aleam
350 2024 586 2093 studiosissime
602 2022 698 2094 lusit:
720 2026 761 2094 de
780 2027 873 2117 cujus
890 2041 961 2094 arte
981 2025 1104 2094 librum

83 2165 204 2234 quoque
233 2143 361 2210 emisit:
377 2142 492 2212 solitus
518 2145 615 2212 etiam
639 2145 673 2212 in
699 2146 879 2238 gestatione
903 2144 1032 2233 ludere,
1058 2147 1105 2214 ita

83 2259 187 2328 essedo
205 2259 367 2353 alveoque
387 2261 565 2356 adaptatis,
584 2287 626 2329 ne
644 2260 734 2330 lusus
753 2243 1038 2332 confunderetur.⁴

123 2381 282 2446 XXXIV.
304 2383 432 2446 Saevum
448 2395 480 2448 et
499 2383 748 2474 sanguinarium
769 2397 887 2450 natura
906 2381 1019 2470 luisse,
1038 2409 1105 2452 ma·

82 2499 145 2588 gnis
164 2499 378 2590 minimisque
396 2501 550 2592 apparuit
563 2500 670 2568 rebus.
692 2504 870 2570 Tormenta
884 2504 1104 2594 quaestionum

81 2639 253 2710 poenasque
273 2617 511 2710 parricidarum
528 2619 798 2712 repraesentabat,
819 2620 1034 2712 exigebatque
1053 2645 1106 2688 co·

82 2757 154 2802 ram.
173 2736 290 2823 Quum
308 2753 340 2805 et
357 2753 504 2830 spectare
520 2737 644 2830 antiqui
662 2739 762 2804 moris
777 2735 973 2830 supplicium
989 2738 1106 2806 Tiburi

80 2856 304 2947 concupisset,
337 2870 385 2942 et,
414 2855 563 2950 deligatis
593 2856 646 2925 ad·
663 2856 776 2948 palum
803 2857 927 2941 noxiis,
959 2855 1106 2924 carnifex
1220 2895 1224 2904 «

79 2967 214 3056 deesset,
234 2975 376 3041 accitum
395 2975 443 3040 ab
451 2975 542 3044 Urbe
556 2999 726 3066 vesperam
748 2998 850 3066 usque
867 2975 1012 3066 opperiri
1032 2999 1108 3067 per-

79 3093 247 3158 serenavit,
268 3093 479 3186 Quocunque
498 3092 692 3186 gladiatorio
714 3116 865 3178 munere,
887 3090 937 3160 vel
959 3117 1036 3178 suo,
1056 3091 1106 3160 vel

77 3205 200 3294 alieno,
216 3211 318 3280 etiam
334 3211 418 3280 forte
439 3209 609 3306 prolapsos
625 3211 768 3306 jugulari
786 3213 940 3304 jubebat,
963 3212 1108 3280 maxime

78 3330 242 3419 retiarios,
276 3345 314 3398 ut
343 3331 578 3424 exspirantium
609 3331 707 3399 facies
739 3330 874 3398 videret.
908 3331 1022 3417 Quum
1047 3355 1109 3424 par

76 3448 246 3538 quoddam
266 3451 389 3518 mutuis
414 3451 534 3520 ictibus
553 3449 762 3536 concidisset,
783 3441 931 3518 cultellos¹
950 3449 1011 3516 sibi
1030 3474 1107 3542 par·

75 3565 169 3636 vulos
188 3594 229 3637 ex
253 3584 394 3662 utroque
412 3569 500 3638 ferro
518 3570 552 3638 in
579 3594 675 3638 usum
696 3569 768 3637 fieri
789 3570 861 3636 sine
886 3593 977 3636 mora
998 3569 1107 3661 jussit.

75 3689 246 3758 Bestiariis
268 3689 523 3782 meridianisque
543 3688 625 3757 adeo
644 3687 878 3772 delectabatur,
903 3702 987 3756 utet
1004 3689 1108 3780 prima

73 3803 144 3873 luce
164 3806 212 3874 ad
234 3805 459 3902 spectaculum
477 3805 708 3892 descenderet,
737 3821 770 3874 et
793 3807 948 3892 meridie,
972 3805 1108 3872 dimisso

72 3925 111 3993 ad
129 3925 316 4020 prandium
331 3923 470 4020 populo,
490 3926 695 4020 persederet;
713 3941 895 4020 praeterque
914 3923 1108 4008 destinatos,

72 4047 173 4114 etiam
199 4045 265 4114 levi
291 4047 465 4138 subitaque
490 4045 530 4114 de
554 4071 666 4132 causa,
692 4045 850 4138 quosdam
870 4035 1109 4130 committeret,

193 4195 219 4237 a.
499 4193 504 4202 ·
929 4158 968 4230 15
