3168 5440
343 512 394 568 DE
415 506 661 566 Inuus‘rtunus
682 508 957 576 GRAMMATICIS.
1138 509 1172 577 87

132 635 296 730 siqnidem
322 637 455 730 ignotus
480 633 611 720 adhuc,
633 659 736 728 quum
756 633 885 728 judicio
902 634 1066 726 frequenti
1086 636 1176 706 testi·

132 757 281 826 monium
304 755 447 843 diceret,
471 757 693 850 interrogatus
713 780 731 824 a
752 757 922 837 Varrone,
942 753 1078 824 diversae
1096 780 1175 850 per·

132 879 171 946 tis
196 877 376 962 advocato,
398 875 591 969 «quidnam
614 891 744 971 ageret,
769 889 802 948 ct
818 899 887 969 qun
906 875 1048 944 artificio
1069 891 1177 948 utere·

131 997 525 1068 turin-eGihherosos
539 1021 573 1066 se
589 996 713 1066 desole
729 998 764 1068 in
782 998 934 1068 umbram
953 997 1147 1082 transferre,
1160 1029 1177 1062 s

46 1173 53 1184 ,
131 1116 324 1213 respondit;
353 1117 444 1212 qnod
471 1119 615 1198 Murena
638 1118 755 1212 gibber
781 1112 863 1188 erat.
887 1118 979 1187 Vixit
1001 1143 1105 1212 prope
1134 1117 1176 1188 ad

130 1239 348 1308 centesimum
367 1239 472 1308 aetatis
495 1261 643 1326 anuum,
662 1239 782 1310 amissa
806 1240 874 1334 jam
894 1237 1023 1332 pridem
1047 1264 1175 1310 memo·

131 1361 201 1448 ria,
222 1373 260 1429 ut
278 1383 393 1430 versus
411 1357 563 1430 Bibaculi
581 1359 694 1445 docet,

247 1543 375 1601 Orbilius
393 1541 512 1600 ubinam
526 1554 584 1612 est,
598 1543 756 1600 litterarum
771 1541 901 1599 oblivio?

131 1718 248 1784 Statua
269 1716 340 1808 ejus
360 1697 750 1786 Beneventi-ostenditur
770 1715 805 1784 in
828 1715 1012 1810 Capitolio,
1034 1714 1076 1782 ad
1095 1716 1193 1784 sini-·

130 1853 238 1904 strum
258 1833 364 1921 latus,
381 1859 588 1923 marmorea,
605 1836 721 1909 habitu
738 1835 883 1910 sedentis
899 1859 939 1904 ac
957 1833 1099 1929 palliati,
1115 1861 1175 1930 ap·

130 1955 246 2048 positis
264 1953 396 2024 duobus
410 1956 550 2026 scriniis.
572 1955 722 2050 Reliquit
742 1955 846 2026 filium
867 1955 1056 2044 Orbilium,
1076 1971 1109 2026 et
1127 1959 1176 2052 ip·

130 2101 204 2146 sum
221 2069 475 2169 grammaticum
495 2059 725 2169 professorem}

177 2198 222 2266 X.
237 2195 368 2264 Atteius
385 2193 579 2290 Philologus
595 2195 784 2284 libertinus,
801 2197 938 2271 Athenis
954 2211 1062 2266 natus.
1078 2202 1177 2267 Hunc

128 2315 253 2408 Capito
270 2315 415 2401 Atreius,
431 2329 532 2384 notus
544 2315 819 2408 jurisconsultus,
838 2319 924 2394 inter
940 2320 1176 2412 grammaticos

128 2435 319 2520 rhetorem,
347 2435 435 2502 inter
461 2435 610 2504 rhetores
637 2438 890 2528 grammaticum
919 2437 1020 2506 fuisse
1041 2439 1098 2506 ait.
1124 2442 1176 2507 De

126 2553 245 2624 eodem
266 2555 400 2625 Asinius
417 2552 525 2622 Pollio
545 2556 578 2622 in
598 2553 703 2641 libro,
726 2580 795 2647 quo
812 2554 959 2632 Sallustii
979 2558 1102 2650 scripta
1121 2582 1175 2624 re-

125 2673 325 2767 prehendit,
357 2688 394 2744 ut
416 2674 516 2742 nimia
545 2675 729 2767 priscorum
762 2675 939 2762 verborum
965 2675 1177 2746 affectatione

125 2793 247 2880 oblita,
277 2795 323 2864 ita
353 2791 482 2861 tradit:
504 2797 574 2862 «tn
602 2781 674 2862 eam
704 2819 773 2861 rem
803 2793 1008 2884 adjutorium
1038 2797 1067 2864 ei
1099 2791 1176 2866 feeit

124 2916 270 2983 maxime
294 2913 432 3008 quidam
458 2915 587 2983 Attcins
607 2915 845 3001 Praetextatus,
859 2913 988 2984 nobilis
1006 2941 1173 3009 gramma·

125 3037 213 3104 ticus
243 3032 382 3120 latinns,
402 3031 658 3105 declamantium
676 3031 797 3102 deinde
818 3035 951 3127 adjutor
970 3051 1071 3129 atque
1089 3063 1173 3131 prae·

123 3171 260 3249 ceptor,
286 3153 328 3222 ad
348 3179 512 3223 summam
533 3152 728 3249 Philologus
748 3155 790 3223 ab
811 3170 914 3225 semet
939 3159 1174 3227 nominatus.»

123 3278 202 3368 Ipse
222 3273 267 3342 ad
291 3273 428 3343 Laelium
446 3255 603 3342 llermam
623 3275 771 3367 scripsit,
787 3301 804 3339 a
819 3301 853 3343 se
872 3277 904 3343 iu
924 3279 1040 3371 graecis
1057 3277 1174 3347 litteris

122 3419 289 3490 magnum
310 3419 500 3488 processum
528 3395 665 3480 hahere,
692 3411 725 3464 et
751 3397 784 3463 in
813 3395 925 3466 latinis
945 3398 1172 3467 nonnullum:

121 3513 259 3583 audisse
284 3516 466 3584 Antonium
494 3515 730 3608 Gniphonem,
748 3517 884 3610 ejusque
912 3521 1096 3586 Hermam:
1117 3543 1175 3610 po-

120 3652 194 3703 stca
218 3633 382 3703 docuisse.
410 3636 609 3728 Praecepisse
638 3650 748 3703 autem
770 3635 882 3705 multis
908 3652 941 3707 et
958 3637 1055 3706 claris
1081 3640 1175 3732 juve-

119 3756 225 3848 ntibus
249 3780 256 3822 :
281 3755 461 3849 inquibus
486 3756 595 3848 Appio
621 3781 756 3852 quoque
784 3771 818 3825 et
840 3756 986 3826 Pulchro
1005 3755 1173 3844 Claudiis,

117 3874 306 3958 fratribus,
336 3900 480 3968 quorum
503 3876 601 3944 etiam
628 3901 737 3945 comes
770 3879 802 3944 in
833 3878 1004 3971 provincia
1031 3877 1140 3944 fuerit.
1157 3908 1173 3940 s

119 3994 305 4089 thtologi
322 3993 579 4088 appellationem
601 3999 793 4066 assumsisse
812 3997 953 4084 videtur,
974 4000 1068 4090 quia,
1085 3999 1172 4067 sicut

116 4115 456 4208 Eratosthenes,*qui
475 4117 601 4208 primus
618 4117 681 4186 hoc
697 4142 880 4210 cognomen
895 4118 957 4186 sibi
973 4118 1171 4199 vindicavit,
