3098 5446
544 551 676 605 GALBA.
1114 551 1130 607 5

92 674 162 743 data
182 689 322 762 tessera,
341 705 358 738 a
372 688 407 743 ut
429 697 547 742 manus
570 671 707 768 paenulis
725 671 976 742 continerent.»
995 677 1130 745 Statim·

92 821 153 888 que
174 821 235 891 per
248 811 357 867 castra
375 797 538 890 jactatum
553 811 623 881 est,

166 989 267 1058 nisce,
284 988 382 1056 mites,
401 987 537 1058 miratam
550 987 716 1078 catsant,
736 1005 797 1043 non
811 967 971 1044 cataneus.

92 1161 163 1229 Pari
181 1160 357 1228 severitate
374 1158 543 1227 interdixit
558 1173 761 1227 commeatus
780 1160 857 1252 peti.
869 1162 1075 1230 Veteranum
1094 1186 1133 1232 ac

91 1275 229 1350 tironem
243 1277 380 1348 militem
394 1303 494 1374 opere
513 1279 647 1348 assiduo
666 1281 918 1349 corroboravit:
934 1295 1131 1376 matureque

90 1402 259 1488 barbaris,
277 1403 335 1494 qui
348 1401 417 1494 jam
436 1402 470 1468 in
487 1398 632 1469 Galliam
650 1425 755 1494 usque
773 1415 1017 1494 proruperant,
1035 1425 1130 1471 coer·

88 1523 179 1610 citis,
204 1522 357 1615 praesenti
384 1545 516 1614 quoque
539 1521 621 1590 Caio
645 1519 745 1588 talem
769 1535 802 1589 et
831 1545 865 1589 se
893 1535 926 1589 et
949 1523 1130 1592 exercitum

87 1643 306 1737 approbavit,
320 1655 357 1709 ut
374 1642 462 1710 inter
479 1642 673 1710 innumeras
690 1654 944 1734 contractasque
964 1665 1004 1710 ex
1024 1644 1131 1711 omni·

88 1763 147 1831 bus
172 1761 353 1856 provinciis
374 1761 503 1853 copias,
530 1761 902 1852 nequetestimoninm,
921 1784 1029 1854 neque
1050 1787 1132 1855 prae·

87 1884 151 1950 mia
174 1879 337 1976 ampliora
366 1879 425 1949 ulli
457 1877 694 1974 perciperent:
715 1881 784 1972 ipse
813 1881 955 1949 maxime
978 1881 1132 1976 insignis,

85 2001 178 2096 quod
195 2015 412 2095 campestrem
430 1999 659 2068 decursionem
685 2013 779 2067 scuto
804 2000 1129 2086 moderatus,·etiam

85 2121 127 2190 ad
148 2119 303 2190 essedum
330 2121 540 2214 imperatoris
557 2144 616 2213 per
636 2119 755 2214 viginti
775 2145 933 2214 passuum
950 2120 1052 2191 millia
1070 2147 1130 2192 cu·

84 2243 202 2312 currit.

131 2365 211 2431 VII.
232 2362 331 2432 Caede
348 2363 421 2432 Caii
442 2363 619 2450 nunciata,
639 2360 753 2430 multis
774 2361 816 2430 ad
838 2363 1047 2433 occasionem
1071 2364 1130 2431 sti·

84 2480 319 2569 mulantibus‚
353 2484 497 2578 quietem
535 2479 691 2576 praetulit.
726 2485 790 2550 Per
822 2482 887 2550 boc
926 2483 1133 2576 gratissimus

83 2597 249 2690 Claudio,
266 2617 484 2697 receptusque
504 2603 537 2670 in
559 2603 730 2671 cohortem
747 2603 946 2689 amicorum,
965 2616 1063 2670 tanta}
1079 2601 1131 2669 di-

85 2725 255 2819 gnationis
271 2739 321 2792 est
338 2723 489 2808 babitus,
509 2739 566 2807 ut,
583 2747 689 2820 quum
710 2721 817 2790 subita
837 2722 867 2789 ei
887 2718 1057 2804 valetudo,
1076 2746 1131 2790 ne·

81 2869 150 2937 que
185 2843 270 2912 adeo
303 2845 432 2940 gravis,
461 2842 649 2929 incidisset,
682 2841 803 2910 dilatus
838 2842 880 2909 sit
914 2841 1133 2934 expeditionis

81 2964 282 3033 britannicae
305 2963 386 3032 dies.
412 2963 553 3033 Africam
578 2960 776 3057 proconsule
799 2961 935 3029 biennio
964 2960 1133 3050 obtinuit,

81 3100 176 3153 extra
192 3099 317 3153 sortem
336 3081 460 3153 electus
480 3083 521 3152 ad
540 3082 760 3152 ordinandam
781 3081 1010 3175 provinciam,
1030 3095 1063 3150 et
1081 3083 1133 3150 iu·

81 3208 205 3274 teatina
228 3203 431 3276 dissensione
451 3221 485 3274 et
509 3206 732 3274 Barbarorum
752 3200 899 3271 tumultu
922 3203 1131 3295 inquietam:

81 3319 322 3419 ordinavitque
343 3351 464 3420 magna
489 3325 673 3394 severitatis
692 3348 730 3392 ac
751 3322 889 3416 justitiae
914 3347 1012 3409 cura,
1033 3323 1133 3392 etiam

80 3447 115 3513 in
134 3445 288 3539 parvulis
301 3447 411 3515 rebus.
429 3444 550 3532 Militi,
567 3447 623 3539 qui
640 3469 699 3538 per
710 3443 955 3538 expeditionem
970 3445 1132 3511 artissima

79 3591 222 3638 annona
237 3567 406 3636 residuum
424 3565 625 3636 cibariorum
647 3566 747 3633 tritici
764 3563 914 3657 modium
933 3577 1066 3632 centum
1083 3563 1135 3631 de·

79 3688 190 3756 nariis
199 3685 389 3758 vendidisse
399 3687 612 3782 arguebatur,
627 3687 747 3766 vetuit,
761 3682 859 3753 simul
875 3699 975 3777 atque
987 3682 1134 3776 indigere

76 3807 162 3875 cibo
182 3807 358 3901 coepisset,
378 3832 397 3876 a
421 3831 589 3900 quoquam
607 3829 704 3899 opem
726 3804 803 3873 ferri
823 3831 830 3872 :
848 3819 880 3871 et
894 3805 921 3872 is
941 3801 1027 3870 lamo
1044 3817 1135 3870 exta·

79 3925 173 3995 buit.
191 3929 236 3996 At
256 3927 290 3995 in
305 3927 383 4020 jure
404 3925 565 4013 dicendo,
586 3951 690 4020 quum
708 3925 748 3993 de
770 3925 974 4019 proprietate
990 3923 1135 4015 jumenti

75 4061 309 4138 quaereretur,
335 4045 463 4116 levibus
492 4049 651 4139 utrinque
682 4045 886 4139 argumentis
913 4059 945 4111 et
977 4043 1133 4126 testibus,

74 4166 231 4260 ideoque
247 4166 371 4237 difficili
389 4169 581 4262 conjectura
602 4168 767 4250 veritatis,
784 4168 829 4234 ita
849 4163 1015 4250 decrevit,
1037 4177 1073 4232 ut
1089 4164 1132 4234 ad
