3168 5440
497 495 747 552 nomrmuus.
1111 493 1148 565 a,

110 617 241 712 Scripta
256 617 396 706 famosa,
413 617 581 714 vulgoque
596 619 701 705 edita,
717 621 839 713 quibus
856 621 1016 714 primores
1033 621 1095 688 viri
1112 645 1152 690 ac

107 738 236 808 femina
254 738 475 826 notabantur,
495 738 656 828 abolevit,
684 763 751 808 non
771 740 842 808 sine
863 755 1039 809 auctorum
1059 740 1152 834 igno·

107 861 220 928 minis.
237 861 464 949 Quaestorium
484 861 610 945 airum,
631 859 723 954 quod
746 857 965 956 gesticulandi
991 857 1152 929 saltandi·

106 1004 170 1073 que
199 979 311 1050 studio
334 993 518 1068 teneretur,
542 981 648 1050 movit
670 993 799 1050 senatu.
824 981 998 1050 Probrosis
1021 979 1151 1050 seminis

106 1099 231 1170 lecticae
248 1119 346 1170 usum
359 1100 498 1190 ademit,
510 1099 632 1196 jusque
642 1099 797 1195 capiendi
812 1099 920 1195 legata
934 1099 1152 1170 hereditates·

104 1244 180 1314 que.
203 1221 356 1315 Equitem
376 1245 568 1311 romanum,
590 1223 634 1291 ob
653 1221 825 1292 reductam
843 1222 878 1290 in
901 1222 1150 1290 matrimonium

104 1367 265 1432 uxorem,
280 1344 336 1412 cui
354 1343 496 1412 dimisse
510 1341 667 1413 adulterii
682 1345 810 1412 crimen
827 1343 1032 1430 intenderat,
1052 1345 1153 1413 erasit

102 1463 255 1558 judicum
274 1461 361 1534 albo.
381 1463 556 1554 Quosdam
572 1489 612 1534 ex
633 1479 778 1559 utruque
794 1463 914 1534 ordine
933 1462 1004 1559 lege
1020 1467 1153 1534 Scanti-

104 1586 161 1654 nia
185 1583 430 1655 condemnarit.
457 1589 586 1656 Incesta
614 1584 788 1655 vestalium
809 1586 999 1681 virginum,
1018 1609 1038 1654 a
1058 1599 1153 1679 patre

103 1728 241 1799 quoque
256 1727 318 1774 suo
335 1719 369 1775 et
387 1705 489 1775 fratre
506 1705 673 1801 neglecta,
690 1708 783 1775 varie
800 1729 839 1775 ac
852 1727 964 1775 severe
979 1706 1151 1774 coercuit:

103 1827 239 1920 priora,
256 1825 390 1921 capitali
404 1823 585 1922 supplicio,
601 1827 805 1921 posteriora,
822 1848 914 1895 more
934 1827 1047 1894 veteri.
1066 1827 1152 1894 Nam

103 1969 213 2040 quum
246 1943 403 2016 Ocellatis
435 1946 623 2032 sororibus,
654 1947 733 2016 item
762 1944 980 2034 Varronillae,
1012 1944 1151 2014 liberum

102 2067 224 2136 mortis
240 2067 445 2161 permisisset
455 2069 652 2155 arbitrium,
670 2081 951 2163 corruptoresque
968 2089 1083 2136 earum
1101 2091 1153 2134 ne·

101 2188 248 2286 legasset
271 2216 279 2258 :
304 2213 381 2259 mox
408 2189 624 2276 Corneliam,
644 2191 822 2260 maximam
845 2190 1029 2285 virginem,
1057 2189 1153 2257 abso·

102 2308 213 2380 lutam
237 2305 337 2398 olim,
359 2309 479 2381 dehinc
507 2309 608 2407 longo
636 2309 810 2380 intervallo
834 2311 1030 2404 repetitam,
1050 2316 1152 2402 atque
1238 2319 1240 2326 '

101 2432 317 2520 convictam,
342 2431 453 2501 defodi
478 2433 673 2526 imperavit3
700 2446 972 2526 stupratoresque
989 2430 1091 2524 virgis
1117 2431 1152 2496 in

101 2551 245 2623 comitio
258 2549 302 2620 ad
317 2575 430 2622 necem
447 2551 545 2641 caedi,
561 2565 707 2648 excepto
722 2551 877 2646 praetorio
889 2553 985 2636 ¹viro,
1000 2552 1071 2633 cui,
1089 2548 1152 2617 du-

101 2673 161 2742 bia
181 2673 283 2742 etiam
302 2687 375 2742 tum
391 2697 504 2756 causa,
522 2687 555 2742 et
570 2673 703 2742 incertis
717 2670 954 2766 questionibus
969 2684 1070 2762 atque
1086 2683 1154 2737 tor·

97 2795 246 2884 mentis,
274 2793 317 2862 de
335 2809 439 2863 semet
458 2792 607 2888 professo
623 2791 776 2866 exsilium
795 2789 941 2860 indulsit.
962 2794 1009 2859 Ac
1026 2811 1068 2857 ne
1085 2813 1152 2882 qua

98 2912 226 3008 religio
253 2917 362 2983 Deum
395 2915 530 3010 impune
557 2913 857 2999 contaminaretur,
876 2923 1152 2994 monumentum,

96 3033 198 3128 quod
219 3031 357 3104 libertus
378 3035 450 3129 ejus
468 3057 487 3103 e
510 3033 697 3128 lapidibus,
716 3031 840 3127 templo
859 3029 1042 3126 Capitolini
1061 3031 1151 3098 lovis

96 3155 299 3242 destinatis,
325 3153 394 3224 lilio
411 3169 635 3242 exstruxerat,
653 3154 756 3223 diruit
775 3177 835 3247 per
851 3151 990 3236 milites,
1013 3173 1154 3243 ossaque

95 3291 133 3345 et
155 3273 337 3370 reliquias,
354 3301 429 3371 quae
447 3277 595 3365 inerant,
612 3275 696 3344 mari
716 3275 841 3344 mersit.

147 3399 213 3468 IX.
231 3397 324 3466 Inter
335 3397 430 3466 initia
444 3421 549 3491 usque
563 3395 646 3465 adeo
662 3395 704 3465 ab
721 3396 814 3464 omni
833 3394 921 3464 caede
936 3394 1153 3478 abhorrebat,

94 3533 155 3606 ut,
179 3517 316 3586 absente
334 3515 445 3586 adhuc
463 3531 576 3611 patre,
597 3515 788 3586 recordatus
807 3513 940 3610 Virgilii
964 3539 1112 3599 versum,

202 3708 294 3783 lmpia
313 3727 399 3782 quam
416 3707 492 3764 oeais
512 3725 581 3783 gena
599 3719 642 3764 est
658 3709 771 3782 epulata
784 3706 925 3780 juvencis,

88 3881 234 3952 edioere
249 3880 443 3968 destinarit,
460 3903 532 3950 ane
546 3881 647 3950 boves
664 3879 928 3949 immolarentur.
944 3907 960 3942 a
977 3876 1151 3972 Cupidita-

88 4006 137 4072 tis
162 4024 303 4095 quoque
329 4015 430 4095 atque
452 4001 598 4070 avaritiae
622 4000 676 4069 vix
705 4001 927 4093 suspicionem
949 3996 1071 4085 ullam,
1095 4011 1153 4066 aut

88 4125 256 4218 privatus
274 4145 439 4216 unquam,
457 4137 516 4192 aut
532 4121 686 4216 princeps
702 4119 909 4214 aliquamdiu
925 4117 1034 4203 dedit;
1050 4119 1149 4187 immo

974 4235 1004 4306 5.
