3168 5440
472 504 512 558 ιιι
536 504 567 558 c.
589 503 615 556 ι.
637 504 830 558 cussanus.
1121 507 1174 576 irs

170 617 347 692 Pmserrpsit.
361 619 397 673 Η.
413 619 431 672 l.
450 619 565 690 publice
585 617 750 692 appellavit,
766 635 832 673 nam
848 617 1028 692 proscribere
1040 633 1083 678 est
1096 625 1172 680 litte-

128 709 168 761 ris
181 709 307 783 publecis
325 709 437 784 alr'quid
442 729 613 784 proponere.

173 801 341 856 Valetudirre
357 804 465 856 mentis.
486 804 521 858 H.
535 821 559 858 e.
581 821 642 858 non
660 803 734 858 bene
750 821 817 859 sana
830 813 932 859 mente.

172 893 201 948 C.
221 895 382 949 Memmius.
402 895 477 950 Vide
490 913 590 969 supra,
608 914 693 950 xxnr.
894 903 896 907 ’

169 987 219 1040 Aa
226 986 387 1058 matium...
401 988 519 1042 stetisse.
535 989 571 1042 Η.
588 1006 612 1042 e.
626 987 725 1043 vinum
737 987 946 1044 ministravisse.
956 988 1031 1045 Vide
1045 992 1174 1064 IIonsr„

133 1080 188 1134 Od.
208 1099 235 1149 ι,
255 1097 302 1154 ²9·
344 1143 345 1147 .

170 1175 197 1226 A
220 1172 327 1226 Venere
345 1172 404 1226 orti.
419 1171 494 1226 Vide
508 1189 608 1245 supra,
626 1190 666 1226 vr.
1151 1237 1153 1242 ,

171 1265 316 1320 Carmina.
338 1265 374 1320 Η.
399 1266 417 1319 l.
436 1265 518 1336 jocos
540 1263 682 1319 militares.
705 1263 747 1318 CI.
769 1266 849 1326 er..
869 1283 904 1336 r,
932 1273 983 1340 49,
1004 1276 1032 1320 et
1053 1269 1171 1332 Tacit,
1242 1299 1247 1318 t

127 1359 221 1423 Arta,
237 1375 263 1427 1,
276 1357 322 1412 23.
342 1407 344 1414 .

170 1449 292 1504 Gallias.
312 1447 463 1502 'l‘rocbaici
481 1447 637 1502 tetrametri
651 1445 812 1502 catalectici.

167 1541 233 1596 Cur.
248 1541 280 1594 L.
296 1537 383 1594 Seruii
395 1540 520 1612 Sulpicii.
537 1539 722 1612 subintellige
740 1555 859 1592 uxorem
876 1558 883 1591 :
901 1538 940 1594 sic
956 1549 1022 1611 post
1037 1541 1107 1596 elios
1120 1559 1172 1616 ge-

124 1630 234 1685 nitivos
247 1649 328 1685 more
342 1633 516 1686 Graecorum.

169 1723 329 1796 Eaegt'sset.
348 1723 383 1778 II.
401 1742 425 1778 e.
441 1722 528 1778 domo
543 1721 712 1796 expulisset,
732 1720 916 1793 repudiasset.

170 1815 325 1869 Serviliam.
346 1815 502 1885 Plutarch„
524 1815 554 1868 in
577 1814 652 1879 Cat,
682 1830 711 1885 p.
728 1810 785 1886 759
802 1832 808 1866 ε
824 1801 858 1871 ils
875 1815 906 1872 tt
922 1822 965 1873 καὶ
990 1823 1105 1892 Σερβιλία
1122 1827 1175 1877 liel-

126 1935 202 1974 τωνος
215 1914 359 1984 ὁμομήτριος
373 1909 476 1983 ditiori·

169 1999 306 2052 Proximo
323 2015 376 2052 suo
400 1997 654 2052 consulatus-Eum
674 1993 785 2067 accipe,
814 1997 865 2070 qui
887 1996 1018 2070 proxime
1044 2009 1174 2072 tempora

123 2089 174 2145 illa
193 2079 307 2144 secutirs
328 2097 369 2143 est
383 2087 489 2161 quibus
505 2087 653 2144 Serviliam
670 2105 764 2142 amare
787 2089 931 2161 coepit—
947 2089 1004 2144 Alii
1012 2090 1106 2162 punto
1119 2110 1174 2164 pro

122 2183 258 2254 pransuro
275 2180 428 2256 legendum
446 2191 574 2252 censent3
589 2198 656 2234 nam
670 2179 832 2252 proximum
846 2191 875 2235 et
883 2181 1009 2255 prrirrum
1023 2181 1123 2255 sepius
1144 2183 1174 2238 in

124 2273 208 2328 libris
229 2271 369 2328 contundi
387 2272 493 2328 docent
508 2275 660 2328 Burmann.
681 2271 719 2326 ad
738 2271 766 2326 b.
783 2273 818 2344 L,
837 2282 865 2328 et
882 2276 1011 2330 Gronov.
1036 2274 1074 2329 ad
1095 2275 1173 2348 Liv.,

125 2384 167 2436 rr,
182 2365 229 2434 33.
940 2365 951 2372 ”

166 2459 353 2514 Donatioues.
373 2459 417 2513 De
432 2457 538 2532 quibus
555 2457 621 2514 vide
635 2460 741 2528 Dion,
757 2477 850 2529 xum,
868 2465 913 2529 47.

167 2550 296 2606 Nummo.
311 2550 347 2605 Η.
362 2567 385 2605 e.
400 2549 542 2606 levissimo
559 2551 671 2623 pretio,
686 2560 719 2604 ut
728 2549 787 2620 Cic,
803 2569 859 2622 pro
873 2550 967 2604 Babr'r.
984 2549 1077 2616 Post,
1091 2569 1171 2614 xvn:

125 2641 259 2716 «Ecquis
286 2651 328 2697 est
352 2659 389 2696 ex
412 2651 494 2697 tanto
513 2644 644 2716 populo,
662 2641 715 2715 qui
737 2643 815 2697 bona
850 2642 881 2697 C.
909 2641 1021 2696 Rabirii
1047 2643 1174 2700 Postumi

125 2753 241 2790 uumnw
254 2735 383 2789 sestertio
395 2733 450 2789 sibi
467 2733 563 2789 addici
578 2733 665 2790 velit?
674 2757 689 2784 u
707 2733 792 2788 Unde
810 2733 857 2787 alii
870 2734 986 2788 murtiae
1000 2735 1099 2808 legunt
1116 2753 1172 2808 pro

124 2846 249 2882 nummo.
418 2813 421 2819 ¹

164 2920 278 2976 Melius.
300 2921 335 2976 Il.
352 2911 384 2974 ὀ.
402 2918 506 2974 viliori*
517 2918 630 2992 pretio,
652 2936 718 2974 nam
737 2918 811 2974 bene
829 2935 921 2973 emere
939 2928 981 2973 est
1000 2919 1050 2974 rili
1077 2921 1173 2993 pretio
1210 2975 1213 2988 ,

123 3031 235 3080 emere,
252 3022 285 3067 ut
303 3011 360 3067 eie.
376 3011 419 3065 ad
435 3015 512 3077 Are,
533 3029 562 3080 1,
586 3010 619 3064 13
640 3029 647 3064 :
670 3013 820 3067 «Tanaim
837 3009 919 3082 qnod
932 3028 965 3064 ea
983 3011 1126 3084 emptione
1145 3024 1173 3068 et

123 3123 180 3159 nos
190 3105 265 3162 bene
278 3103 376 3160 emisse
387 3102 509 3175 judicati
522 3121 626 3158 sumus.
644 3125 657 3151 u

75 3257 84 3272 ι
171 3197 266 3252 Tertia
288 3195 410 3251 deducta
430 3205 480 3250 est.
504 3193 593 3249 Ludit
610 3193 668 3249 Cic.
689 3192 719 3248 in
735 3193 843 3267 duplici
869 3192 1075 3269 significatione
1092 3197 1172 3252 vocis

125 3291 227 3356 tertia,
241 3308 278 3344 sc.
294 3305 361 3361 pars
375 3297 404 3342 et
420 3287 529 3353 Tertia,
542 3283 600 3341 filia
613 3285 755 3356 Serviliae;
771 3297 859 3360 etque
871 3286 951 3342 vocis
964 3288 1084 3343 deducta
1098 3301 1170 3344 esta

125 3382 283 3448 deducere,
300 3398 364 3454 quae
380 3376 520 3454 significat
538 3378 715 3444 subtrahere,
731 3388 759 3433 et
774 3379 886 3433 tradere
900 3379 937 3434 ad
953 3399 1036 3434 usum
1059 3380 1172 3436 obscoe-

125 3492 214 3544 num,
231 3472 352 3528 docente
374 3471 415 3526 Cl.
431 3471 514 3526 Hase.
532 3469 612 3526 Idem
628 3481 726 3525 narrat
743 3470 888 3540 Macrob,
903 3470 1016 3528 Sarum.
1037 3491 1078 3542 ιι,
1095 3491 1121 3527 a.

167 3565 234 3619 Cur.
248 3566 295 3620 LI.
315 3561 517 3618 Matrimoniis.
535 3563 571 3617 Η.
591 3579 615 3616 e.
634 3561 788 3630 uxoribus,
808 3571 840 3615 ut
859 3565 944 3634 Just,
964 3562 1045 3632 111,3
1062 3583 1068 3617 :
1093 3589 1105 3612 a
1117 3564 1170 3618 Se-

125 3656 222 3712 verius
239 3654 419 3714 matrimonia
436 3672 487 3710 sua
501 3653 556 3710 riri
568 3663 734 3710 coercent.»
1001 3667 1002 3672 ¹

166 3749 233 3803 Cur.
247 3749 308 3803 LII.
328 3747 462 3820 Bogudis.
479 3747 507 3801 Is
528 3746 605 3802 bello
628 3745 755 3800 africano
775 3745 891 3800 Caesaris
908 3744 984 3818 juvit
1002 3757 1098 3819 partes
1113 3765 1120 3800 ε
1135 3746 1171 3801 de

123 3859 185 3914 quo
204 3839 296 3908 Hir-t,
309 3840 383 3893 Bell.
403 3838 651 3904 Aleaand.,‚xxrx
671 3847 699 3891 et
718 3855 797 3906 uxr13
816 3838 891 3892 Bell.
910 3835 1000 3908 Afric.
1010 3877 1019 3904 ,
1040 3856 1126 3892 xxm.

165 3932 254 3986 Naso.
273 3931 314 3985 M.
330 3928 465 3985 Actorius
484 3929 578 3998 Naso;
593 3927 680 4000 hujus
696 3927 825 3984 meminit
843 3946 945 4002 supra,
965 3948 1006 3984 rx.

169 4021 352 4096 Thalamego.
385 4021 419 4076 In
443 4039 501 4094 qun
527 4019 674 4075 thalamus
695 4031 774 4085 emt,
801 4037 862 4074 eam
890 4020 1080 4075 cubiculatarn
1102 4021 1170 4078 dicit

123 4117 238 4185 Senec,
254 4115 291 4168 de
309 4115 397 4179 Bere,
413 4129 475 4183 vn,
497 4129 535 4167 ao
554 4131 562 4166 e
582 4111 658 4167 «Cui
678 4110 806 4166 triremes
831 4121 859 4166 et
876 4121 973 4166 terame
994 4130 1054 4166 non
1073 4111 1170 4170 mitte-

273 4238 310 4283 tt.
976 4236 1017 4281 10
