3138 5438
437 535 472 574 na
833 515 863 571 (l.
884 516 1061 573 SUETONII

436 666 474 708 ex
494 637 634 708 adverso
653 639 831 706 constituta
844 653 954 707 erant.
978 636 1137 723 Athletae,
1157 637 1263 707 stadio
1281 637 1324 706 ad
1342 652 1465 730 tempus

435 773 625 846 exstructo,
646 760 679 828 in
698 758 830 851 regione
849 760 962 828 Martii
979 757 1087 849 campi
1106 771 1316 826 certaverunt
1333 781 1392 850 per
1410 757 1465 825 tri·

437 876 554 948 duum.
577 873 697 948 Navali
719 873 855 970 ptmlio,
878 876 912 942 in
932 877 1061 946 minore
1079 874 1205 944 Codeta
1224 873 1354 944 defosso
1375 873 1466 956 lacu,

437 983 578 1068 biremes
596 1019 634 1064 ac
658 995 807 1066 triremes
822 993 1111 1087 quadriremesque
1126 995 1232 1086 Tyria
1259 1008 1292 1062 et
1314 995 1466 1088 AEgyptiae

437 1114 568 1202 classis,
595 1137 716 1208 magno
743 1128 967 1208 pugnatorum
995 1137 1134 1182 numero
1160 1111 1389 1181 conflixerunt.
1418 1091 1467 1180 'td

438 1257 511 1327 quae
529 1235 641 1302 omnia
659 1230 845 1327 spectacula
866 1246 997 1302 tantum
1019 1232 1166 1325 undique
1186 1231 1349 1300 confluxit
1364 1231 1468 1298 homi·

438 1377 540 1439 num,
569 1366 608 1420 ut
634 1350 783 1446 plerique
807 1350 940 1422 adventa
966 1366 1025 1420 aut
1052 1353 1139 1420 inter
1165 1352 1274 1437 vicos,
1301 1363 1361 1418 aut
1387 1349 1469 1416 inter

438 1472 507 1540 vias
526 1469 747 1541 tabernaculis
766 1470 881 1564 positis
902 1484 1092 1557 manerent;
1115 1495 1156 1539 ae
1178 1493 1263 1562 saepe
1285 1491 1355 1562 pra
1376 1466 1469 1535 turba

439 1587 511 1658 elisi
538 1589 780 1681 exanimatique
808 1590 873 1657 sint
900 1587 1055 1682 plurimi,
1081 1603 1114 1658 et
1141 1589 1176 1656 in
1203 1589 1255 1656 his
1283 1585 1352 1656 duo
1381 1609 1471 1654 sena·

441 1723 538 1778 tores.
713 1699 717 1706 ’
816 1717 818 1721 ’

488 1831 560 1896 XL.
586 1830 774 1896 Conversus
797 1827 877 1896 hinc
899 1826 941 1896 ad
963 1827 1183 1896 ordinandum
1204 1823 1396 1919 reipublicae
1412 1835 1474 1890 sta-

442 1962 535 2032 tum,
558 1946 658 2014 fastos
680 1948 841 2034 correxit,
863 1947 930 2038 jam
952 1947 1079 2039 pridem
1101 1948 1181 2014 vitio
1201 1945 1400 2040 pontificum
1419 1965 1475 2035 per

443 2062 659 2132 intercalandi
675 2063 840 2132 licentiam
856 2063 938 2132 adeo
958 2066 1127 2152 turbatos,
1145 2079 1183 2132 ut
1198 2087 1305 2156 neque
1321 2063 1475 2160 messium
1494 2061 1504 2102 ²'

444 2182 532 2252 feriae
548 2195 669 2270 aestate,
681 2207 787 2274 neque
801 2181 1039 2250 vindemiarum
1052 2199 1229 2268 autumno,
1240 2192 1476 2275 competerent.

445 2305 648 2392 Annumque
672 2299 714 2368 ad
734 2324 868 2368 cursum
885 2299 962 2368 solis
985 2300 1265 2388 accommodavit,
1291 2315 1331 2367 ut
1354 2304 1478 2367 trecen·

446 2434 558 2488 torum
577 2419 745 2512 sexaginta
771 2419 918 2511 quinque
943 2418 1070 2488 dierum
1091 2434 1189 2506 esset,
1211 2433 1244 2486 et
1271 2411 1480 2486 intercalario

445 2561 557 2606 mense
565 2535 705 2624 sublato,
719 2561 804 2604 unus
816 2537 884 2606 dies
896 2553 1015 2630 quarto
1024 2563 1156 2631 quoque
1167 2562 1255 2605 anno
1272 2533 1481 2606 intercalare·

447 2673 512 2726 tur.
527 2660 606 2746 Quo
622 2672 732 2726 autem
749 2658 853 2750 magis
868 2657 902 2723 in
919 2672 1088 2751 posterum
1102 2681 1142 2724 ex
1160 2656 1309 2724 kalendis
1318 2656 1480 2750 januariis

447 2779 541 2846 novis
553 2791 740 2869 temporum
753 2777 838 2844 ratio
845 2791 1052 2869 congrueret,
1059 2778 1145 2844 inter
1157 2776 1375 2844 novembrem
1383 2799 1423 2843 ac
1432 2772 1485 2840 de-

449 2894 613 2963 cembrem
626 2918 771 2962 mensem
780 2895 944 2986 interjecit
961 2893 1045 2962 duos
1058 2893 1157 2962 alios:
1173 2895 1302 2988 fuitque
1320 2897 1350 2964 is
1365 2918 1485 2977 annus,

449 3037 517 3104 quo
538 3013 608 3080 haec
623 3012 922 3099 constituebantur,
943 3011 1131 3105 quindecim
1150 3015 1316 3081 mensium
1339 3037 1420 3081 cum
1439 3013 1489 3078 in-

449 3129 638 3217 tercalario,
655 3132 713 3223 qui
727 3153 766 3197 ex
777 3130 1014 3199 consuetudine
1030 3133 1063 3198 in
1077 3155 1154 3198 eum
1169 3157 1295 3200 annum
1312 3131 1487 3200 inciderat.

497 3251 584 3318 ΧΠ.
612 3253 771 3318 Senatum
801 3249 985 3342 supplevit;
1017 3251 1174 3342 patricios
1201 3247 1338 3344 allegit;
1369 3265 1491 3345 praeto-

451 3392 547 3450 rum,
570 3367 735 3455 aedilium,
760 3383 979 3462 quaestorum,
1003 3370 1170 3437 minorum
1192 3371 1292 3437 etiam
1317 3372 1495 3465 magistra-

452 3500 545 3555 tuum
567 3511 742 3556 numerum
758 3487 944 3580 ampliavit;
962 3487 1103 3555 nudatos
1120 3511 1221 3581 opere
1243 3490 1418 3580 censorio,
1436 3501 1495 3556 aut

451 3608 615 3674 sententia
641 3607 792 3699 judicum
821 3607 862 3674 de
890 3607 1015 3674 ambitu
1043 3606 1299 3687 condemnatos,
1332 3608 1493 3676 restituit.

452 3726 596 3794 Comitia
615 3751 691 3794 cum
709 3725 833 3818 populo
851 3726 991 3818 partitus
1009 3739 1075 3811 est,
1093 3738 1149 3811 ut,
1166 3727 1315 3818 exceptis
1337 3725 1497 3795 consula·

452 3859 505 3911 tus
528 3845 821 3936 competitoribus,
843 3843 884 3910 de
909 3857 1018 3912 cetero
1043 3869 1183 3912 numero
1209 3845 1497 3928 candidatorum,

310 4035 314 4044 ,
452 3986 512 4054 pro
532 3977 625 4055 parte
642 3962 797 4048 dimidia,
819 3987 902 4054 quos
921 3961 1061 4056 populus
1085 3963 1203 4049 vellet,
1224 3969 1499 4058 pronuntiaren-

329 4095 336 4102 ’
452 4093 524 4162 tur;
550 4105 612 4173 pro
637 4095 730 4173 parte
754 4079 874 4166 altera,
899 4105 980 4172 quos
1008 4084 1077 4174 ipse
1103 4083 1268 4152 edidisset.
1297 4089 1345 4154 Et
1375 4086 1502 4156 edebat
