3138 5438
364 509 368 520 ·’
444 513 477 548 12
840 492 869 544 C.
886 489 1061 544 SUETONll

443 619 529 684 tibus
545 643 553 684 ε
568 641 606 684 ac
623 627 763 708 negante
779 613 921 705 quodam
936 637 994 704 per
1007 612 1259 696 contumeliam,
1278 613 1389 682 Facile
1406 617 1465 682 hoc

442 737 504 806 ulli
507 737 652 827 fernr'rue
658 735 738 824 fore
743 785 754 816 ,
773 733 957 824 respondit,
974 733 1066 824 quasi
1083 729 1250 817 alludens,
1266 738 1305 801 Ia
1322 737 1464 826 Assyria

442 881 571 952 quoque
587 877 744 948 regnasse
758 853 973 934 Semiramio,
992 874 1214 944 raugnumque
1230 852 1328 919 Asr'oe
1335 867 1462 946 partem

442 981 639 1046 Amazonas
657 975 797 1042 tenuasse
813 971 993 1066 quondam.

488 1096 611 1161 XXIII.
644 1096 789 1160 Functus
818 1088 1009 1176 consulatu,
1040 1092 1078 1158 C.
1109 1090 1267 1158 Memmio
1295 1092 1463 1181 Lucioque

442 1214 588 1282 Domitio
600 1211 793 1303 praetoribus
805 1209 846 1278 de
860 1209 1037 1302 superioris
1048 1211 1126 1275 anni
1140 1211 1220 1276 actis
1232 1207 1464 1295 referentibus,

443 1333 663 1426 cognitionem
677 1332 805 1398 senatui
819 1328 937 1397 detulit
951 1354 959 1396 ε
975 1353 1035 1396 nec
1047 1327 1104 1395 illo
1116 1329 1326 1420 suscipiente,
1342 1327 1465 1395 triduo·

444 1475 506 1544 que
529 1475 586 1542 per
611 1452 719 1517 irritas
740 1448 967 1517 altercationes
989 1447 1182 1539 absumpto,
1205 1448 1238 1512 in
1263 1448 1464 1538 provinciam

443 1569 537 1654 abiit;
554 1583 587 1636 et
605 1569 715 1636 statim
733 1581 874 1659 quaestor
887 1567 956 1658 ejus
973 1567 1007 1633 in
1022 1566 1246 1658 prejudicium
1261 1563 1386 1656 aliquot
1401 1569 1466 1633 cri-

442 1687 585 1754 minibus
602 1701 751 1778 arreptus
765 1701 823 1754 cst.
841 1687 921 1753 Mox
936 1687 1051 1776 etipse
1067 1709 1088 1751 a
1100 1687 1137 1751 L.
1155 1685 1318 1769 Antistio,
1332 1685 1467 1751 tribuno

444 1805 564 1897 plebis,
581 1802 780 1896 postulatus,
796 1801 961 1896 appellato
977 1803 1109 1870 demum
1126 1800 1282 1896 collegio,
1301 1804 1467 1888 obtinuit,

444 1927 547 2016 qu'um
560 1921 745 2014 reipublicae
757 1947 852 1990 causa
863 1923 1005 2008 abesset,
1019 1947 1093 1990 reus
1105 1947 1146 1988 ne
1160 1921 1262 1989 fieret.
1280 1922 1330 1991 Ad
1346 1923 1470 1990 securi·

442 2057 542 2111 tatem
562 2067 640 2137 ergo
660 2044 781 2136 posteri
802 2045 976 2136 temporis,
1000 2045 1033 2108 in
1056 2067 1175 2134 magno
1198 2043 1329 2134 negotio
1350 2041 1470 2109 habuit

445 2163 589 2256 obligare
618 2187 747 2256 semper
771 2187 897 2230 annuos
919 2164 1148 2256 magistratus,
1173 2177 1205 2228 et
1231 2186 1249 2228 e
1272 2163 1471 2254 petitoribus

445 2307 509 2350 nou
523 2281 603 2349 alios
614 2281 783 2374 adjuvare,
797 2281 907 2350 autad
921 2283 1078 2349 honorem
1092 2284 1158 2373 pati
1172 2283 1355 2374 pervenire,
1366 2307 1470 2373 quam

446 2401 505 2490 qui·
518 2401 578 2467 sibi
596 2401 791 2492 recepissent
806 2415 1070 2493 propugnaturos
1087 2401 1267 2468 absentiam
1283 2425 1397 2486 suarn;
1416 2423 1474 2467 cu-

442 2517 495 2611 jus
510 2521 595 2613 pacti
619 2545 684 2586 non
705 2519 865 2588 dubitavit
880 2545 898 2586 a
914 2519 1107 2612 quibusdam
1118 2519 1350 2612 jusjurandum
1368 2533 1475 2612 atque

442 2641 539 2705 etiam
553 2639 771 2731 syngrapham
786 2640 924 2731 exigere.

487 2758 609 2824 XXIV.
634 2756 697 2824 Sed
708 2781 810 2849 quum
820 2760 857 2824 L.
870 2759 1050 2842 Domitius,
1063 2757 1249 2826 consulatus
1258 2759 1479 2846 candidatus,

442 2871 549 2966 palam
573 2877 769 2960 minaretur,
791 2874 957 2943 consulem
973 2901 1006 2944 se
1019 2877 1228 2964 effecturum,
1243 2877 1331 2969 quod
1346 2867 1478 2968 praetor

443 2994 620 3082 nequisset,
642 2991 937 3086 adempturumque
956 2997 984 3062 ei
1005 2998 1179 3080 exercitus3
1198 2999 1353 3064 Crassum
1373 3001 1480 3065 Pom-

442 3109 636 3200 peiumque,
660 3111 693 3177 in
716 3112 831 3178 urbem
853 3115 1029 3206 provinciae
1051 3139 1115 3182 suae
1136 3119 1260 3182 Lucam
1283 3131 1483 3202 extractos,

440 3224 617 3318 compulit,
633 3242 669 3295 ut
686 3227 880 3297 detrudendi
895 3233 1034 3299 Domitii
1049 3257 1144 3300 causa
1161 3232 1370 3300 consulatum
1392 3233 1484 3301 alte-

442 3368 515 3411 rum
541 3360 709 3438 peterent,
735 3361 768 3414 et
794 3362 829 3414 ut
853 3351 886 3415 in
913 3352 1172 3443 quinquennium
1203 3351 1261 3418 sibi
1291 3353 1486 3442 imperium

440 3478 680 3556 prorogaretur.
702 3465 777 3552 Qua
795 3466 911 3535 fiducia
929 3469 971 3535 ad
987 3469 1145 3562 legiones,
1165 3493 1245 3560 quas
1261 3493 1279 3536 a
1299 3471 1489 3561 republica

440 3597 625 3673 acceperat,
639 3581 717 3651 alias
736 3587 865 3676 privato
880 3601 1012 3679 sumptu
1035 3587 1158 3655 addidit
1175 3613 1182 3654 :
1199 3611 1297 3656 unam
1313 3591 1427 3657 etiam
1445 3617 1490 3658 ex

437 3699 659 3792 Transalpinis
694 3705 929 3795 conscriptam,
960 3706 1121 3774 vocabulo
1159 3731 1290 3799 quoque
1326 3707 1491 3798 gallico;

440 3819 585 3888 Alauda
606 3823 693 3888 enirn
715 3823 939 3915 appellabatur
962 3852 969 3892 :
990 3848 1086 3918 quam
1114 3827 1286 3919 disciplina
1310 3827 1495 3923 cultuque

438 3959 575 4004 romano
598 3941 781 4007 institutam
796 3959 829 4009 et
850 3959 1017 4031 ornatam,
1037 3961 1147 4037 postea
1172 3948 1358 4014 universam
1397 3954 1496 4018 civi-

442 4067 507 4122 tate
524 4057 667 4125 donavit.
686 4059 755 4126 Nec
773 4059 890 4128 deinde
910 4063 975 4131 ulla
992 4064 1069 4131 belli
1086 4068 1274 4152 occasione,
1292 4093 1334 4134 ne
1354 4068 1498 4164 injusti
