3168 5440
837 495 1166 524 mm

291 705 493 792 PUBLII
527 702 814 792 TERENTII
842 705 1002 794 VITA.

572 957 705 976 ...ι-.-

134 1163 157 1230 1.
175 1101 339 1230 Poenus
350 1162 550 1231 Tsasurrns
565 1159 661 1248 Afer,
678 1160 880 1254 Carthagine
899 1173 1015 1248 natus,
1030 1161 1166 1230 servivit

138 1283 249 1350 Romae
261 1280 419 1350 Terentio
433 1281 571 1349 Lucano
588 1280 732 1348 senatori
747 1304 756 1347 ε
771 1303 873 1372 aquo
888 1279 932 1347 oh
951 1281 1122 1374 ingenium
1134 1293 1168 1350 et

20 1386 21 1394 ἵ
135 1398 270 1469 sormam
292 1423 361 1469 non
379 1399 550 1470 institutus
572 1398 673 1468 modo
694 1396 891 1485 liberaliter,
909 1398 966 1468 sed
985 1413 1019 1468 et
1038 1412 1167 1468 mature

134 1521 352 1589 manumissus
368 1533 427 1589 est.
442 1518 590 1609 Quidam
608 1533 743 1614 captum
758 1543 828 1588 esse
844 1519 1033 1588 existimant
1051 1545 1060 1588 ε
1076 1517 1166 1613 quod

133 1638 200 1708 fieri
219 1637 318 1708 uullo'
328 1637 429 1708 modo
445 1640 611 1733 potuisse,
624 1635 806 1708 Fenestella
823 1637 938 1726 docet;
955 1662 1060 1732 quum
1079 1639 1167 1707 inter

134 1756 231 1826 fin·
248 1757 385 1827 secundi
401 1755 486 1828 belli·
500 1759 630 1852 punici,
646 1773 679 1828 et
695 1759 828 1828 initium
846 1757 935 1826 tertii
955 1771 1052 1827 natus
1072 1758 1115 1827 sit
1134 1773 1167 1828 et

18 1969 19 1976 ἵ
135 1891 301 1966 mortuus,
321 1903 400 1966 nec,
418 1880 446 1948 si
469 1903 489 1948 a
508 1878 664 1950 Numidis
686 1893 744 1948 aut
759 1875 892 1948 Getulis
907 1893 1025 1972 captus
1044 1880 1106 1967 sit,
1124 1877 1167 1948 ad

135 1997 247 2068 ducem
268 2022 444 2068 romanum
461 1999 634 2093 pervenire
652 2000 834 2092 potuisset,
853 1996 948 2067 nullo
967 2001 1166 2068 commercio
1238 2067 1240 2072 ,

135 2119 219 2188 inter
234 2114 368 2188 Italicos
384 2131 416 2187 et
436 2117 554 2205 Afros,
575 2118 640 2186 nisi
658 2131 733 2212 post
749 2116 890 2186 deletam
909 2119 1167 2213 Carthaginem,

132 2251 247 2332 copto.
269 2238 333 2308 Hic
350 2262 427 2307 cum
443 2235 743 2307 multisnobilihus
766 2235 974 2306 familiariter
990 2238 1089 2326 vixit,
1110 2237 1167 2308 sed
1253 2241 1256 2250 ’

134 2357 273 2428 maxime
303 2382 381 2428 oum
408 2357 562 2452 Scipione
587 2356 746 2428 Africano
774 2371 809 2426 et
837 2359 875 2428 C.
896 2356 1019 2446 Latio,
1046 2359 1167 2451 quihus

133 2479 232 2548 etiam
251 2479 402 2574 corporis
427 2479 534 2573 gratia
560 2475 756 2546 conciliatus
774 2477 999 2565 existimatur,
1018 2477 1110 2570 quod
1134 2491 1168 2546 et

131 2597 237 2690 ipsum
253 2595 437 2667 Fenestella
453 2597 582 2691 arguit,
600 2594 819 2681 contendens,
839 2609 983 2687 utroque
1004 2596 1164 2688 majorem

131 2731 209 2785 natu
228 2716 347 2805 fuisse3
365 2717 515 2810 quamvis
529 2730 563 2784 et
574 2713 748 2785 Cornelius
764 2717 878 2808 Nepos
890 2713 1032 2808 aequales
1049 2738 1166 2785 omnes

129 2835 228 2904 luisse
252 2835 382 2924 tradat,
401 2850 434 2904 et
455 2837 592 2904 Porcius
611 2835 832 2928 suspicionem
858 2833 900 2903 de
926 2835 1168 2905 consuetudine

129 2979 189 3048 per
204 2957 275 3026 haec
291 2956 389 3026 faciat
408 2981 416 3023 ε

189 3103 265 3158 Dum
282 3101 427 3158 lasciviam
444 3102 603 3172 nobilium,
622 3113 651 3159 et
666 3101 776 3158 lucosm
793 3100 891 3158 laudes
906 3101 993 3175 petit:

188 3197 262 3250 Dum
275 3193 406 3250 Africani
421 3214 522 3250 vocem
538 3193 667 3250 divinam
681 3194 773 3251 inhiat
791 3193 883 3249 avidis
905 3192 1038 3249 auribus:

187 3289 262 3344 Dum
275 3287 313 3344 ad
325 3288 443 3345 Furium
458 3307 488 3344 se
506 3288 641 3344 coenitare
655 3298 684 3344 et
696 3287 829 3356 heliam,
847 3287 997 3362 pulchrum
1012 3297 1108 3360 putat:

187 3381 261 3434 Dum
274 3398 304 3436 se
316 3380 405 3436 amari
419 3373 547 3437 ah'hisee
560 3379 665 3450 credit,
684 3380 787 3435 crebro
808 3380 840 3435 in
854 3379 997 3435 Albanum
1009 3379 1073 3453 rapi

189 3473 236 3528 Oh
251 3470 354 3530 florem
373 3473 461 3530 aetatis
480 3493 534 3530 snae
552 3494 559 3529 :
576 3473 666 3549 ipsus,
679 3473 797 3529 sublatis
812 3473 913 3542 rebus,
927 3473 964 3529 ad
976 3491 1113 3528 summam

186 3565 318 3640 inopiam
330 3566 461 3623 redamus
474 3577 525 3622 est.

189 3658 314 3732 ltaquee
327 3669 480 3733 conspectu
493 3659 620 3715 omnium
636 3658 707 3715 ahiit
720 3657 856 3714 Graeciam
870 3658 1018 3714 interram
1031 3657 1168 3714 ultimam.

188 3751 322 3807 Mortuus
338 3762 379 3807 est
393 3759 424 3806 ln
440 3752 622 3826 Stymphalo,
637 3750 766 3806 Arcadiae
786 3751 896 3824 oppido
911 3770 918 3804 :
933 3750 1004 3804 nihil
1021 3749 1138 3804 Publius

186 3841 286 3917 Scipio
304 3843 427 3918 proluit,
446 3843 519 3898 nihil
536 3843 564 3900 ei
578 3842 692 3913 Laelius,
710 3841 781 3898 nihil
799 3843 913 3898 Furius:

185 3935 258 3991 'lhes
276 3953 330 4010 per
348 3935 426 3992 idem
447 3945 557 4010 tempus
575 3935 626 4010 qni
640 3935 787 4010 agitabant
804 3933 916 3990 nobiles
932 3935 1090 4006 facillume,

183 4029 293 4084 Eorum
306 4028 355 4085 ille
369 4047 456 4103 opera
470 4048 506 4086 ne
522 4029 640 4085 domum
653 4028 768 4103 quidem
782 4028 882 4083 hahuit
898 4028 1119 4099 conducticiam,

183 4121 295 4177 Saltem
313 4132 344 4178 ut
362 4132 448 4194 esset,
468 4141 526 4197 quo
541 4121 660 4179 referret
678 4121 789 4179 obitum
806 4119 916 4176 domini
931 4121 1066 4176 servulus.
