3098 5446
582 498 689 554 NERO.
1082 495 1136 554 253

131 621 178 692 Ad
197 622 285 704 hunc
305 619 543 714 impendiorum
564 619 724 703 furorem,
742 641 839 711 super
864 617 1016 687 fiduciam
1039 619 1139 714 impe-
1207 604 1212 614 ’

129 742 186 824 n'i,
204 741 301 807 etiarn
317 764 373 832 spe
390 737 530 832 quadarn
550 737 718 830 repentina
738 737 967 804 immensarum
981 750 1013 804 et
1031 761 1139 806 recon-

129 857 267 925 ditarum
287 881 386 950 opum
404 853 562 950 impulsus
577 869 645 939 est,
661 879 700 923 ex
715 853 835 922 indicio
855 855 972 947 equitis
993 857 1137 940 romani,

129 1000 185 1067 pro
202 989 367 1066 comperto
388 973 588 1068 pollicentis,
604 975 774 1042 thesauros
793 973 1022 1064 antiquissimae
1038 997 1138 1066 gazae,

129 1119 206 1184 quos
222 1093 310 1162 Dido
323 1094 438 1186 regina
452 1092 579 1186 fugiens
593 1094 681 1184 Tyro
697 1115 807 1160 secum
821 1087 1007 1176 extulisset,
1021 1114 1090 1159 esse
1104 1093 1137 1158 in

126 1211 232 1280 Africa
253 1212 440 1280 vastissimis
461 1210 620 1304 specubus
645 1209 789 1312 abditos,
806 1232 844 1276 ac
862 1231 956 1302 posse
977 1209 1047 1276 erui
1067 1233 1140 1301 par-

126 1327 201 1398 vula
215 1327 421 1398 molientium
438 1353 548 1422 opera.

169 1449 312 1516 XXXII.
328 1449 453 1516 Verum
473 1461 510 1515 ut
531 1471 603 1539 spes
622 1445 754 1533 fefellit,
772 1447 963 1531 destitutus,
981 1462 1078 1539 atque
1094 1449 1140 1517 ita

123 1565 188 1653 jam
199 1565 376 1632 exhaustus
391 1579 424 1634 et
439 1589 552 1659 egens,
569 1579 607 1634 ut
624 1564 785 1658 stipendia
800 1589 931 1658 quoque
944 1565 1100 1653 militum,
1109 1581 1142 1635 et

126 1681 295 1754 commoda
314 1697 560 1770 veteranorum,
580 1685 728 1776 protrahi
748 1707 784 1752 ac
802 1683 926 1751 differri
949 1708 1075 1753 necesse
1094 1709 1142 1752 es-

127 1817 192 1886 set,
209 1799 380 1870 calumniis
400 1803 587 1894 rapinisque
610 1801 750 1869 intendit
765 1802 919 1869 animum.
934 1804 1018 1870 Ante
1033 1804 1141 1872 omnia

126 1921 285 2004 instituit,
304 1918 571 1988 utelibertorum
590 1918 816 1989 defunctorum
829 1920 994 2013 bonispro
1011 1923 1139 1988 semisse

126 2037 259 2107 dextans
280 2039 309 2106 ei
326 2053 506 2132 cogeretur,
521 2039 577 2130 qui
593 2040 663 2107 sine
678 2037 838 2130 probabili
854 2061 950 2106 causa
962 2061 1000 2106 eo
1012 2039 1143 2108 nomine

127 2155 280 2242 fixissent,
292 2181 359 2248 quo
375 2171 480 2224 essent
492 2154 566 2224 ullae
580 2153 727 2243 familiae,
742 2181 822 2249 quas
835 2157 904 2249 ipse
917 2157 1142 2250 contingeret:

127 2275 262 2362 deinde,
294 2289 330 2344 ut
364 2276 566 2368 ingratorum
600 2277 633 2342 in
663 2276 843 2369 principem
875 2288 1069 2344 testamenta
1103 2273 1144 2342 ad

127 2393 241 2462 liscum
259 2395 486 2486 pertinerent:
506 2418 564 2476 ac,
581 2417 623 2461 ne
637 2395 771 2485 impune
788 2407 872 2461 esset
883 2392 1034 2490 studiosis
1044 2391 1143 2483 juris,

125 2515 181 2605 qui
196 2513 402 2605 scripsissent
419 2511 471 2580 vel
488 2511 662 2582 dictassent
672 2537 711 2580 ea
729 2537 737 2578 τ
755 2527 844 2594 tum,
859 2525 898 2578 ut
913 2509 982 2603 lege
997 2511 1145 2602 majesta·

126 2634 165 2700 tis
192 2631 279 2700 facta
309 2629 461 2722 dictaque
490 2631 621 2713 omnia,
647 2629 765 2722 quibus
793 2627 890 2695 modo
921 2626 1048 2694 delator
1077 2651 1144 2696 non

126 2750 272 2835 deesset,
294 2763 494 2818 tenerentur.
521 2749 696 2817 Revocavit
718 2761 751 2814 et
776 2747 908 2839 praemia
929 2767 1144 2829 coronarum,

127 2893 196 2961 quae
215 2891 363 2959 unquam
383 2868 444 2936 sibi
462 2869 495 2936 in
515 2865 748 2936 certaminibus
772 2865 917 2932 civitates
943 2859 1145 2931 detulissent.

127 2989 168 3055 Et
193 3010 299 3078 quum
316 2985 536 3054 interdixisset
556 3009 651 3054 usum
672 2983 881 3076 amethystini
904 3005 942 3050 ac
960 2981 1035 3073 tyrii
1060 2978 1148 3048 colo-

126 3106 189 3188 ris,
228 3105 528 3197 summisissetque,
559 3105 616 3196 qui
653 3102 875 3171 nundinarum
906 3100 958 3168 die
993 3097 1147 3192 pauculas
1223 3133 1227 3146 ·

127 3225 241 3291 uncias
267 3221 441 3308 venderet,
469 3219 632 3316 praeclusit
658 3235 796 3289 cunctos
815 3220 1039 3312 negotiatores.
1058 3219 1149 3306 Quin

125 3340 223 3408 etiam
233 3341 320 3408 inter
331 3340 514 3409 canendum
530 3338 787 3408 animadversam
800 3351 982 3406 matronam
998 3351 1150 3429 aspecta·

127 3457 226 3546 culis,
245 3459 349 3526 vetita
371 3482 518 3552 purpura
537 3456 679 3541 cultam,
699 3457 938 3526 demonstrasse
960 3469 1150 3548 procurato·

125 3577 217 3644 ribus
230 3577 299 3665 suis
314 3575 711 3667 dicitur;.detractamque
726 3573 830 3663 illico,
848 3598 915 3642 non
931 3587 1019 3640 veste
1035 3571 1149 3656 modo,
1240 3666 1244 3677 Ι

126 3693 183 3764 sed
198 3695 343 3762 ethonis
360 3694 457 3762 exuit.
478 3691 571 3764 Nulli
589 3693 749 3788 delegavit
758 3691 922 3776 officium,
940 3705 1058 3759 utnon
1073 3688 1151 3781 adji-
1263 3721 1273 3740 ·

125 3825 231 3896 reret,
249 3840 267 3875 α
281 3812 362 3896 scis,
380 3810 459 3902 quid
482 3811 563 3880 anibi
586 3835 669 3904 opus
695 3811 737 3878 sit
756 3836 764 3880 ε
779 3839 795 3876 a
812 3825 865 3895 et,
880 3837 896 3871 a
911 3810 974 3877 hoc
995 3829 1149 3900 agamus,

123 3951 168 3996 ne
185 3929 259 4019 quis
273 3929 447 4022 quiequam
464 3928 618 3998 babeat.»
633 3928 774 4014 Ultimo,
787 3927 914 4021 templis
927 3922 1150 4017 compluribus

124 4044 218 4112 dona
238 4045 399 4133 detraxit,
418 4045 653 4139 simulacraque
672 4073 711 4116 ex
730 4069 812 4116 auro
833 4043 882 4114 vel
900 4057 1036 4136 argento
1053 4040 1152 4110 fabri·
