3108 5434
507 480 688 540 TIBERIUS.
866 451 869 458 ‚
1057 495 1111 551 ¹²9

80 607 255 680 remedius
271 607 357 675 inter
372 605 455 674 duos
469 604 618 674 consules
633 628 709 673 cum
726 607 877 698 Augusto
897 602 994 672 simul
1010 601 1110 688 sedit3

80 729 179 818 unde,
197 724 324 822 populo
342 723 564 811 consalutato,
585 725 710 792 circum
731 721 855 818 templa
871 722 1032 794 deductus
1050 739 1109 794 est.

121 849 248 918 XVIIL
275 845 432 916 Proximo
450 868 539 912 anno
558 845 700 938 repetita
715 845 910 931 Germania,
927 868 1031 938 quum
1044 845 1113 914 aui·

81 966 316 1053 madverteret,
327 963 507 1034 Varianam
522 960 649 1032 cladem
662 965 845 1032 temeritate
859 977 893 1032 et
910 961 1111 1060 negligentia

81 1087 170 1156 ducis
179 1084 354 1172 accidisse,
368 1080 452 1152 nibil
468 1105 535 1151 non
554 1079 595 1152 de
612 1079 741 1150 consilii
756 1081 917 1152 sententia
930 1083 1008 1178 egit
1021 1085 1112 1152 Sern-

83 1232 135 1301 per
148 1204 231 1274 alias
251 1204 304 1273 sui
320 1202 465 1289 arbitrii,
482 1215 723 1295 contentusque
741 1227 777 1270 se
792 1227 877 1291 uno,
894 1216 975 1272 tune
992 1218 1113 1298 preter

84 1323 353 1396 consuetudinem
372 1345 448 1391 curn
464 1318 615 1416 plmibus
630 1320 672 1390 de
688 1322 818 1390 ratione
832 1319 912 1390 belli
930 1324 1112 1392 communi·

83 1447 174 1514 cavit.
188 1448 316 1514 Curam
330 1465 462 1536 quoque
478 1438 575 1512 solito
589 1440 788 1508 exactiorem
807 1441 968 1535 praestitit.
980 1442 1113 1536 Trajec-

83 1580 172 1634 turus
199 1563 377 1648 Rhenum,
403 1573 622 1648 commeatum
648 1583 798 1648 omnem,
822 1558 865 1628 ad
893 1575 1018 1630 certam
1045 1559 1112 1630 for·

83 1681 202 1752 nubam
217 1681 406 1762 astrictum,
422 1703 489 1748 non
507 1693 584 1747 ante
601 1680 799 1768 transmisit,
814 1703 914 1772 quam
930 1681 1113 1750 consistens

84 1802 166 1896 apud
184 1802 296 1895 ripam
311 1797 512 1894 explorasset
528 1795 758 1868 vehiculorum
774 1823 889 1886 onera,
910 1825 952 1869 ne
970 1826 1036 1895 qua
1057 1801 1113 1870 de-

84 1936 309 2017 portarentur,
332 1921 394 1988 nisi
415 1943 584 2006 concessa,
604 1934 662 1987 aut
685 1921 875 1989 necessaria.
894 1923 999 1992 Trans
1020 1923 1112 1992 Rhe-

84 2067 159 2111 num
175 2065 259 2109 vero
277 2063 354 2108 eum
371 2039 446 2108 vitae
462 2037 613 2108 ordinem
627 2037 750 2124 tenuit,
764 2053 802 2108 ut
814 2037 930 2109 sedens
944 2042 977 2109 in
991 2044 1114 2136 cespite

86 2159 170 2230 nudo
195 2160 311 2228 cibum
337 2171 488 2254 caperet;
512 2182 596 2252 saepe
620 2157 691 2226 sine
718 2161 862 2229 tentorio
885 2176 1113 2254 pernoctaret;

84 2293 245 2374 precepta
259 2277 427 2370 sequentis
444 2275 508 2346 diei
522 2278 649 2366 omnia,
666 2291 700 2347 et
716 2279 744 2347 si
762 2279 842 2372 quid
855 2281 954 2349 subiti
969 2285 1114 2351 muneris

85 2396 324 2494 injungendum
340 2410 438 2485 esset,
450 2421 511 2491 per
521 2395 648 2468 libellos
663 2397 772 2486 daret;
785 2381 897 2468 addita
915 2403 1114 2490 monitione,

83 2533 132 2607 nt,
155 2517 197 2586 de
222 2541 293 2610 quo
314 2516 454 2610 quisque
473 2516 655 2606 dubitaret,
674 2542 728 2606 se,
747 2543 808 2587 nec
826 2518 891 2588 alio
916 2520 1114 2616 interprete,

81 2660 278 2730 quacunque
294 2632 346 2702 vel
365 2636 471 2704 noctis
485 2635 569 2706 hora
589 2649 746 2709 uteretur.

126 2759 219 2826 XIX.
239 2754 460 2850 Disciplinam
477 2757 636 2826 acerrime
652 2758 779 2852 exegit,
795 2759 1115 2829 animadversionum

80 2877 383 2972 etignominiarum
392 2875 566 2969 generibus
575 2901 614 2946 ex
625 2877 822 2970 antiquitate
838 2879 1001 2972 repetitis,
1017 2894 1116 2973 atque

81 2997 180 3065 ctiam
199 2994 312 3090 legato
330 2992 487 3090 legionis,
505 2996 597 3088 quod
615 3021 738 3089 paucos
760 2995 880 3066 milites
900 3021 976 3066 cum
996 2996 1116 3067 liberto

81 3141 142 3186 suo
168 3129 263 3184 trans
290 3116 398 3208 ripam
425 3130 579 3184 venatum
603 3117 758 3205 misisset,
784 3118 966 3212 ignominia
990 3132 1115 3187 notato.

78 3233 218 3322 Pnnlia,
235 3235 390 3327 quamvis
410 3234 585 3331 minimum
606 3237 746 3306 fortunae
767 3237 962 3331 casibusque
981 3239 1119 3332 permit·

80 3368 187 3440 teret,
208 3351 382 3447 aliquanto
399 3356 604 3424 constantius
627 3355 752 3444 inibat,
771 3358 900 3450 quoties
922 3355 1119 3426 lucubrante

78 3499 134 3561 se,
151 3471 322 3542 subitone
339 3469 432 3542 nullo
449 3472 672 3568 propellente,
689 3475 854 3544 decideret
871 3475 1003 3564 lumen,
1019 3491 1053 3544 et
1068 3500 1120 3543 ex·

75 3591 520 3688 stingueretumconlidens,
535 3596 705 3684 utaiebat,
726 3608 869 3681 ostento,
883 3596 945 3663 sibi
962 3619 1001 3663 ac
1019 3596 1121 3688 majo·

77 3713 181 3780 ribus
195 3713 266 3780 suis
280 3711 417 3780 inomni
431 3711 553 3782 ducatu
570 3715 806 3810 expertissimo.
825 3713 906 3802 Sed,
918 3739 954 3782 re
964 3739 1120 3808 prospere

72 3846 191 3925 gesta,
198 3856 269 3899 non
277 3830 419 3900 multum
431 3831 552 3918 abfuit,
562 3833 643 3926 quin
654 3835 839 3901 aBructero
848 3832 991 3925 quodam
999 3832 1121 3901 occide·

72 3965 181 4020 retur
202 3976 210 4018 :
231 3951 285 4019 cui
306 3951 392 4020 inter
408 3952 578 4044 proximos
596 3953 758 4038 versanti,
777 3965 810 4019 et
827 3950 1044 4044 trepidatione
1063 3949 1120 4036 de-

71 4083 174 4140 tecto
186 4121 198 4158 ,
210 4073 384 4141 tormentis
400 4095 554 4165 expressa
568 4071 728 4141 confessio
742 4086 791 4140 est
804 4069 944 4163 cogitati
955 4068 1119 4140 facinoris.

235 4211 259 4256 ¹·
935 4211 959 4282 9
