3108 5434
426 496 481 556 xta
827 503 858 556 C.
879 496 1053 558 suawuu

469 625 580 693 xxn.
598 627 776 694 Excessum
793 625 935 718 Augusti
948 648 1014 696 non
1025 625 1117 718 prius
1127 621 1236 718 palam
1247 615 1339 712 lecit,
1351 646 1451 714 quam

422 743 570 838 Agrippa
584 743 708 836 juvene
726 745 913 840 interemto.
933 747 1031 812 Hunc
1050 743 1201 812 triburms
1217 739 1360 810 militum
1377 765 1452 809 cus-

422 874 474 930 tos
501 863 672 954 appositus
700 861 841 948 occidit,
866 859 958 930 lectis
981 858 1158 946 codicillis,
1183 861 1324 951 quibus,
1353 873 1391 928 ut
1418 859 1454 928 id

421 978 560 1072 lacent,
574 981 761 1076 jubdratur.
776 983 872 1072 Quos
883 977 1069 1068 codicillos,
1081 977 1219 1047 dubium
1232 978 1309 1065 ferit,
1323 982 1450 1072 Augus-

421 1113 521 1174 tusne
536 1101 680 1170 moriens
698 1097 895 1193 reliquisset,
917 1122 983 1192 quo
1009 1097 1180 1166 materiam
1200 1095 1362 1165 tumultus
1377 1113 1455 1190 post

422 1243 458 1289 se
473 1219 689 1306 subducerett
710 1243 753 1290 an
773 1218 907 1286 nomine
922 1217 1063 1312 Augusti
1079 1217 1191 1302 Livia,
1207 1229 1241 1283 et
1255 1239 1309 1304 ea,
1322 1217 1453 1285 conscio

422 1339 570 1426 Tiberio,
591 1364 633 1408 an
655 1340 787 1434 ignaro,
810 1336 975 1406 dictasset.
993 1336 1143 1405 Tiberius
1165 1335 1374 1403 renuncianti
1391 1335 1453 1402 tri·

423 1459 530 1547 buno,
549 1457 673 1528 lactum
691 1481 775 1546 esse,
791 1454 883 1550 quod
901 1456 1110 1550 imperasset,
1130 1477 1262 1546 «neque
1279 1453 1454 1547 imperasse

424 1599 478 1663 se,
498 1589 532 1644 et
551 1574 758 1646 redditurum
781 1598 857 1643 eum
883 1575 1011 1643 senatui
1033 1575 1240 1662 rationem,n
1262 1569 1453 1664 respondit3

424 1693 583 1764 invidiam
601 1691 725 1762 scilicet
744 1694 778 1762 in
796 1695 969 1786 praesentia
988 1694 1105 1762 vitans.
1123 1695 1209 1764 Nam
1227 1715 1302 1760 mox
1323 1689 1454 1762 silentio

425 1836 494 1885 rem
509 1809 706 1881 obliteravit.

472 1932 597 2002 XXIII.
621 1933 700 2000 Iure
725 1944 835 2000 autem
862 1931 1046 2001 tribuniciae
1068 1934 1239 2026 potestatis
1264 1946 1378 2002 coacto
1405 1957 1456 2002 se-

427 2063 530 2133 natu,
555 2047 772 2144 ineboataque
798 2048 1012 2136 allocutione,
1033 2049 1210 2145 derepente
1233 2049 1324 2119 velut
1349 2052 1458 2145 impar

426 2178 534 2252 dolori
550 2171 759 2270 congemuit;
774 2184 877 2262 utque
893 2193 962 2239 uon
978 2166 1084 2238 solum
1102 2193 1181 2258 vox,
1199 2167 1255 2238 sed
1273 2181 1307 2236 et
1321 2169 1456 2262 spiritus

429 2295 595 2384 deficeret,
615 2295 757 2392 optavit,
784 2319 822 2365 ac
843 2286 1080 2383 perlegendum
1103 2285 1225 2355 librum
1250 2289 1361 2356 Druso
1385 2282 1457 2354 filio

428 2414 574 2485 tradidit.
593 2412 726 2482 Illatum
748 2410 865 2480 deinde
883 2411 1022 2506 Augusti
1045 2417 1295 2493 testamentum,
1310 2428 1379 2472 non
1397 2403 1458 2472 ad-

428 2535 535 2604 missis
552 2533 789 2630 signatoribus,
806 2533 868 2602 nisi
888 2533 1042 2602 senatorii
1062 2530 1207 2620 ordinis,
1228 2529 1345 2601 ceteris
1359 2545 1451 2600 extra

429 2655 555 2723 curiam
571 2651 948 2748 signaagnoscentibau,
964 2652 1114 2720 recitavit
1127 2675 1185 2744 per
1201 2648 1365 2720 libertum.
1381 2652 1462 2718 Tes-

428 2774 566 2843 tamenti
583 2773 713 2841 initium
728 2771 811 2840 fuit:
829 2771 1025 2858 «Quoniam
1040 2770 1170 2838 sinistra
1181 2772 1328 2839 Fortuna
1341 2769 1461 2838 Caium

429 2905 463 2962 et
486 2891 627 2960 Lucium
654 2888 738 2958 filios
761 2889 844 2957 mihi
867 2889 1008 2982 eripuit,
1027 2889 1177 2958 Tiberius
1193 2892 1301 2958 Caesar
1316 2887 1399 2956 mibi
1418 2911 1462 2954 ex

431 3023 524 3104 parte
538 3007 673 3078 dimidia
689 3023 723 3076 et
736 3021 884 3078 sextante
898 3009 994 3076 heres
1010 3022 1091 3076 esto.
1106 3036 1122 3072 s
1138 3010 1216 3097 Quo
1232 3021 1265 3076 et
1278 3007 1350 3104 ipso
1360 3021 1465 3078 aucta

431 3129 574 3223 suspicio
599 3142 650 3196 est
673 3127 895 3220 opinantium,
917 3151 1136 3196 successorem
1156 3129 1293 3197 ascitum
1310 3154 1385 3198 eum
1403 3153 1466 3197 ne-

433 3249 583 3318 cessitate
602 3246 726 3340 magis,
742 3269 841 3340 quam
857 3245 1000 3340 judicio,
1019 3245 1154 3342 quando
1173 3247 1220 3316 ita
1241 3247 1369 3344 praefari
1392 3273 1467 3316 non

433 3367 638 3448 abstinuerit.

480 3489 604 3556 XXIV.
631 3487 878 3580 Principatum,
905 3487 1056 3577 quamvis
1077 3512 1183 3582 neque
1202 3511 1363 3582 occupare
1383 3511 1471 3556 eon·

434 3607 560 3696 lestim,
578 3630 685 3699 neque
698 3627 793 3700 agere
808 3605 1008 3692 dubitasset,
1021 3621 1055 3675 et
1067 3609 1208 3676 statione
1223 3607 1382 3696 militum,
1399 3607 1473 3678 hoc

436 3742 503 3816 est,
520 3728 554 3794 vi
569 3739 602 3794 et
615 3726 722 3818 specie
734 3723 983 3810 dominationis,
1000 3741 1158 3813 assumta,
1177 3725 1234 3794 diu
1249 3739 1358 3794 tamen
1370 3751 1475 3797 recu-

436 3848 520 3917 savit
546 3843 830 3940 impudentissimo
854 3844 975 3930 mimo;
994 3869 1083 3914 nunc
1105 3845 1316 3914 adhortantes
1342 3848 1476 3918 amicos

438 3969 624 4059 increpans,
643 3978 681 4032 ut
697 3964 846 4056 ignaros,
873 3977 998 4054 quanta
1025 3961 1134 4033 bellua
1159 3977 1242 4032 esset
1267 3965 1479 4058 imperium3

438 4110 526 4154 nunc
543 4095 731 4179 precantem
751 4095 917 4168 senatum,
937 4096 971 4151 et
989 4081 1260 4174 procumbentem
1278 4083 1340 4151 sibi
1356 4082 1401 4152 ad
1420 4109 1501 4184 ge·¹

1496 4191 1504 4220 l
