3208 5430
407 472 463 539 dol,
862 473 978 530 NOTAE

446 593 550 644 Minor
571 591 736 664 ditsipmtus.
755 587 819 643 Scil.
841 607 858 642 a
880 591 1030 661 Muciano;
1051 590 1117 646 vide
1137 592 1256 658 Tacta,
1275 589 1363 652 illul,
1384 585 1452 642 80:
1519 665 1523 672 Ι

407 707 418 730 ι
434 681 511 736 Nihil
525 700 605 754 aque
620 680 798 754 provinciam
812 681 1026 756 exercitumque
1040 683 1210 738 accendit...
1220 681 1249 735 in
1264 681 1384 736 modurn
1399 697 1456 752 pt.b

408 774 518 828 natium
532 773 735 850 diligebantur.
752 798 764 822 ι

446 868 511 920 ttte.
528 865 633 934 Tacit,
647 865 696 920 nb.
712 885 791 939 sup,
809 865 845 934 76
861 886 868 944 3
887 891 899 916 ι
915 867 980 922 Tibi
997 865 1123 922 eludaea
1137 877 1164 922 et
1183 866 1264 940 Syria
1284 875 1312 919 et
1324 867 1455 937 AEgypto

405 975 509 1012 novem
523 955 649 1030 legiones
664 957 794 1033 integra,
807 959 885 1013 nulla
900 957 960 1014 acie
975 959 1134 1026 exhauste,
1150 976 1210 1012 non
1224 955 1366 1011 discordia
1382 973 1456 1010 cor-

406 1059 511 1122 ruptae;
530 1049 580 1104 sed
595 1047 722 1106 linuatus
737 1069 791 1105 usu
807 1051 903 1122 miles,
921 1061 950 1106 et
961 1050 1030 1107 belli
1048 1049 1175 1106 domitor
1188 1049 1307 1105 externi.
1318 1073 1330 1097 ι

447 1141 674 1215 Sagittariorum.
694 1142 741 1196 Sic
756 1143 863 1212 Tacit,
881 1145 972 1210 Hira,
987 1161 1027 1214 rr,
1043 1141 1089 1197 51.

447 1235 513 1287 Car.
527 1234 592 1288 Vll.
606 1233 755 1287 obtineret.
770 1235 875 1304 Tacit,
888 1237 960 1290 Hist.
969 1275 980 1302 ,
995 1253 1039 1304 11,
1058 1235 1095 1291 81
1113 1255 1121 1288 :
1136 1259 1147 1284 ι
1165 1231 1261 1290 Titum
1276 1233 1382 1286 instare
1396 1232 1456 1284 Ju-

406 1325 485 1394 dae,
501 1325 705 1397 Vespasianum
724 1325 855 1382 obtinere
871 1327 992 1382 claustra
1005 1327 1123 1402 AEgypti
1136 1325 1251 1399 placuit.
1270 1349 1282 1374 »

445 1417 598 1491 Ser-aprilis.
614 1419 657 1471 De
671 1415 757 1490 hujus
771 1417 819 1473 dei
834 1419 913 1473 cultu
927 1418 992 1474 vide
1009 1421 1128 1488 Tucim,
1147 1420 1237 1482 Hert,
1258 1435 1298 1483 av,
1313 1414 1360 1472 83.

449 1509 486 1564 Se
502 1511 685 1565 convertisset.
706 1511 768 1566 Hoc
790 1511 866 1584 capit
886 1513 996 1567 Ernest.
1016 1511 1053 1567 de
1070 1511 1129 1566 ritu
1144 1510 1247 1566 ominis
1265 1511 1311 1564 rel
1330 1505 1456 1580 auspicii

405 1601 553 1674 capiundi,
567 1601 611 1656 cni
625 1601 775 1657 assentitur
791 1603 1024 1677 Oudendorpius.

444 1694 579 1747 Accessit.
593 1693 666 1762 Dio,
685 1713 769 1764 axvi,
787 1713 817 1768 p.
835 1694 891 1764 748
908 1715 916 1750 :
934 1709 967 1756 Τὸ
981 1705 1024 1774 pls
1040 1704 1203 1762 tricesimu
1224 1701 1294 1753 αὐτὸν
1313 1701 1455 1768 teipsam.

444 1787 472 1842 Ε
482 1787 578 1862 plebe.
593 1787 659 1844 scil.
675 1788 866 1844 Alexandrina
880 1809 888 1844 ε
902 1789 969 1844 ride
985 1791 1104 1858 Teura,
1119 1789 1192 1843 aar.
1201 1825 1211 1855 ,
1227 1805 1267 1858 rr,
1280 1783 1326 1841 81.

447 1879 541 1934 Crura.
556 1911 595 1922 —
609 1881 702 1934 Manu
718 1879 816 1936 dicunt
830 1881 921 1938 Tacit.
928 1923 937 1954 ,
952 1883 969 1936 l.
991 1899 1015 1936 c.
1032 1901 1038 1935 :
1056 1880 1158 1936 «Alius
1176 1897 1262 1934 uranu
1283 1893 1372 1953 ager,
1387 1901 1400 1926 n
1422 1887 1456 1931 et

405 1973 478 2042 Dio,
495 1973 544 2028 ub.
559 1985 623 2046 sup.¹
637 1993 644 2027 τ
658 1969 744 2052 lquas
761 1983 803 2034 eiu
818 1981 949 2053 ἂρτίχιιρα.

446 2066 562 2122 Amr'er’s.
578 2067 639 2120 lmo
654 2065 853 2122 adulatoribus
868 2075 896 2122 et
909 2065 1040 2136 medicis,
1054 2075 1124 2122 teste
1136 2065 1252 2130 Tacito,
1270 2063 1406 2136 ub.'sup.

446 2161 511 2214 Car.
530 2161 608 2214 vlu.
623 2159 767 2214 namus.
782 2163 817 2217 Δ.
831 2161 867 2217 U.
883 2158 950 2216 823.

447 2249 615 2304 Consulatus
628 2261 698 2306 octo.
715 2253 759 2307 De
771 2251 861 2306 reteri
877 2253 1029 2308 consulatu
1038 2251 1104 2308 vide
1118 2269 1196 2325 sup,
1211 2267 1251 2304 rr.
1265 2249 1397 2303 Docente
1409 2247 1454 2302 Cl.

406 2343 497 2407 Hase,
512 2343 678 2411 secundum,
695 2345 801 2398 tertium
821 2354 849 2400 et
862 2356 993 2419 quartum
1014 2342 1192 2401 continuavit
1205 2341 1285 2396 annis
1299 2338 1373 2409 813,
1392 2339 1450 2406 814

406 2444 434 2488 et
457 2431 531 2502 8253
554 2445 620 2507 post
643 2434 728 2492 unius
751 2434 819 2492 anni
837 2437 1031 2508 intervallum,
1049 2437 1193 2512 quantum,
1213 2443 1344 2498 sextum,
1362 2433 1457 2506 septi-

404 2545 480 2580 mum
498 2535 527 2581 et
545 2539 686 2596 octavum,
707 2528 788 2584 annis
807 2527 865 2584 816
879 2548 972 2605 usque
995 2528 1032 2586 ad
1047 2529 1119 2598 830,
1134 2538 1162 2584 et
1184 2526 1282 2581 denuo
1299 2524 1455 2596 interjecto

404 2637 495 2689 anno,
511 2639 614 2675 nonum
622 2662 632 2690 ,
649 2639 714 2677 ann.
731 2621 787 2678 632
803 2621 894 2698 gessit.

447 2715 580 2788 Suscepit.
596 2715 732 2770 Secundo
746 2717 911 2787 consulatu,
926 2717 1034 2790 collega
1048 2715 1123 2771 Tito.

445 2807 571 2863 Fiducia.
586 2807 651 2862 Scil.
671 2808 847 2882 Vespasiani.

443 2899 557 2952 Dolore.
576 2899 641 2954 Scit
657 2899 810 2956 Vitelliani.

446 2989 621 3048 classiarios.
639 2993 673 3048 H.
690 3009 714 3048 e.
730 2994 863 3049 cohortes
877 2993 1023 3070 remigum.

448 3083 504 3137 Pro
528 3086 623 3158 equite
643 3104 770 3142 marano.
793 3086 850 3157 Qui
870 3087 961 3142 ftrerat
984 3085 1134 3160 impositus
1154 3085 1312 3143 aTibet'io.
1334 3087 1377 3143 Cf.
1399 3089 1451 3142 Ti-

405 3175 478 3244 ben,
495 3195 606 3232 xxxvrr.
859 3175 861 3180 ’

444 3271 609 3342 Aggressus.
628 3271 736 3342 Tacit,
751 3273 842 3339 Hist,
857 3289 896 3342 tv,
913 3271 948 3327 53
966 3292 973 3326 ε
989 3273 1115 3328 «Curam
1130 3273 1299 3330 restituendi
1314 3275 1449 3348 Capitolii

403 3359 433 3414 in
448 3359 480 3414 L.
495 3359 644 3416 Vestinum
660 3363 787 3432 confert,
802 3364 939 3438 equestris
954 3363 1063 3420 ordinis
1083 3365 1193 3436 virum,
1212 3366 1261 3422 sed
1279 3367 1450 3422 auctoritate

405 3451 538 3526 famaque
553 3455 628 3509 inter
641 3475 783 3530 proceres.
802 3483 813 3505 »ι

444 3546 580 3600 Admovit.
598 3545 640 3602 lta
654 3548 783 3620 xiphit„
798 3567 880 3620 axvi,
893 3568 922 3623 p.
944 3556 1008 3624 749.

444 3635 511 3692 Car.
529 3640 582 3694 lx.
606 3639 698 3695 Pacis.
721 3643 857 3715 loseph„
880 3645 945 3697 Ant.
964 3643 1050 3710 ludt,
1074 3663 1133 3712 su,
1160 3661 1194 3718 19
1216 3664 1222 3698 :
1248 3653 1322 3704 Meris
1346 3647 1377 3704 tt
1396 3653 1449 3712 τεὺς

404 3735 533 3806 θριᾶμΰους
556 3739 599 3793 sai
614 3743 658 3798 τὴν
674 3738 837 3799 Θιὸαιοτάτην
855 3749 898 3802 τῆς
913 3732 1031 3812 Ρωμαίων
1050 3746 1180 3814 ἡγεμονίας
1200 3745 1372 3805 κατάστασιν,
1388 3745 1449 3794 Ola-

405 3831 541 3888 nactast<
558 3831 619 3900 lqsu
632 3834 732 3904 τέμενος
746 3835 846 3901 Εἰρήνης
863 3837 1059 3888 saturniniani.

444 3912 703 3984 Amphitheatrurn.
722 3919 786 3990 lpse
801 3917 902 3991 coepit3
919 3929 947 3973 at
967 3917 1048 3974 Titus
1062 3939 1197 3976 summam
1218 3939 1333 3975 manum
1351 3919 1448 3993 impo-

405 4000 475 4070 suit,
489 4003 615 4079 itemque
630 4008 781 4064 dcdieavit.
801 4011 843 4065 Cf.
866 4011 940 4066 inira
961 4011 1030 4078 Tit,
1046 4031 1103 4068 vn.

443 4099 645 4171 Amplissimos
662 4103 781 4156 ordines.
803 4104 838 4158 H.
857 4122 882 4158 e.
901 4105 1074 4160 senatorium
1092 4115 1119 4161 et
1137 4117 1308 4180 equestrem.
