3108 5434
426 512 465 570 aa
760 516 763 524 ¹
833 477 862 566 u.
882 511 1057 566 sustouu

475 639 548 706 Lx.
575 639 681 730 Reges
699 635 796 723 amici
814 649 914 727 atque
934 635 1031 720 socii,
1049 646 1083 700 et
1101 631 1222 726 singuli
1242 634 1275 700 in
1295 655 1355 701 suo
1368 633 1461 724 quis·

429 781 495 850 que
511 781 614 852 regno
629 757 793 828 caesareas
810 755 909 824 urbes
927 753 1164 838 condiderunt,
1182 765 1216 821 et
1232 752 1345 821 cuncti
1361 749 1461 823 simul

429 875 532 950 edem
557 876 647 964 louis
676 873 845 968 Olympii,
875 875 1013 944 Athenis
1040 871 1224 965 antiquitus
1251 869 1460 957 inchoatam,

429 995 585 1089 perficere
596 995 764 1063 communi
778 971 913 1087 sumptu
925 991 1191 1078 destinaverunt,
1205 967 1379 1082 Genioque
1390 989 1463 1082 ejus

430 1113 594 1198 dedicare3
612 1137 651 1181 ac
669 1135 754 1206 soepe
771 1113 882 1206 regnis
901 1109 1037 1196 relictis,
1055 1133 1123 1178 non
1140 1113 1255 1180 Rome
1270 1108 1385 1194 modo,
1404 1107 1462 1176 sed

430 1232 616 1326 provincias
637 1233 841 1325 peragranti,
860 1229 1052 1323 quotidiana
1069 1227 1178 1298 officia
1197 1229 1318 1322 togati,
1336 1251 1374 1298 ac
1391 1227 1464 1296 sine

431 1352 522 1446 regio
544 1351 678 1444 insigni,
700 1374 791 1422 more
812 1349 981 1421 clientium
992 1349 1230 1443 prestiterunt.
1353 1327 1360 1338 .

480 1472 568 1540 LXI.
594 1469 780 1558 Quoniam,
798 1468 904 1561 qualis
924 1470 958 1536 in
977 1469 1123 1562 imperiis
1142 1493 1180 1538 ac
1200 1469 1463 1562 magistratibus,

433 1588 640 1684 regendaque
662 1613 721 1680 per
746 1602 909 1655 terrarum
933 1587 1045 1656 orbem
1072 1612 1153 1680 pace
1176 1585 1329 1680 belloque
1351 1590 1465 1680 Repu-

432 1707 519 1782 blica
535 1707 649 1794 fuerit,
670 1706 823 1799 exposui;
845 1705 984 1775 referam
1002 1729 1091 1774 nunc
1108 1707 1298 1776 interiorem
1314 1731 1354 1776 ac
1371 1701 1466 1774 sami-

434 1825 548 1896 liarem
577 1830 646 1919 ejus
672 1827 795 1910 vitam,
820 1826 1006 1918 quibusque
1033 1825 1180 1894 moribus
1207 1840 1305 1919 atque
1330 1827 1466 1895 fortuna

435 1945 525 2014 domi
543 1960 575 2012 et
593 1947 680 2014 inter
691 1971 772 2014 suos
790 1947 892 2039 egerit
907 1970 927 2013 a
941 1946 1078 2039 juventa
1093 1971 1198 2039 usquc
1214 1945 1256 2015 ad
1274 1970 1466 2039 supremum

435 2066 510 2132 vitae
527 2063 623 2130 diem.
645 2067 788 2132 Matrem
809 2065 918 2134 amisit
934 2066 967 2132 in
984 2065 1093 2159 primo
1111 2061 1299 2152 consulatu,
1318 2085 1467 2133 sororem

436 2183 609 2252 Octaviam
627 2184 938 2277 quinquagesimum
946 2199 984 2284 et
1000 2198 1155 2276 quartum
1172 2209 1272 2277 agens
1287 2185 1390 2252 aetatis
1406 2208 1469 2251 an·

436 2327 527 2372 num.
550 2303 693 2394 Utrique
712 2327 816 2396 quum
834 2304 998 2396 praecipua
1018 2302 1125 2371 officia
1143 2305 1224 2371 vivae
1244 2303 1469 2396 prestitisset,

436 2423 535 2490 ctiam
554 2420 720 2489 defunctas
732 2421 876 2490 honores
894 2423 1053 2494 maximos
1073 2423 1198 2490 tribuit.

484 2543 590 2610 LXII.
618 2543 780 2634 Sponsam
796 2542 957 2613 habuerat
973 2540 1162 2611 adolescens
1177 2545 1214 2611 P.
1231 2541 1360 2610 Servilii
1376 2545 1470 2610 Isau-

436 2661 495 2730 rici
520 2659 622 2730 filiam
644 2686 652 2727 :
675 2659 732 2728 sed
757 2658 986 2730 reconciliatus
1009 2674 1084 2754 post
1108 2663 1248 2755 primam
1269 2660 1472 2730 discordiam

435 2783 598 2865 Antonio,
616 2777 900 2873 expostulantibus
918 2782 1091 2874 utriusque
1108 2780 1285 2868 militibus,
1304 2795 1391 2850 utet
1410 2807 1473 2850 ne-

436 2898 635 2968 cessitudine
661 2897 771 2991 aliqua
796 2899 1034 2994 jungerentur,
1061 2901 1245 2994 privignam
1271 2899 1475 2994 cjus'Clau·

436 3018 542 3106 diam,
556 3017 678 3086 Fulviae
691 3042 731 3086 ex
745 3020 780 3085 P.
795 3015 915 3087 Clodio
929 3016 1154 3106 filiam,‘duxit
1170 3041 1319 3104 uxorem,
1332 3017 1476 3087 vixdum

438 3135 602 3221 nubilem;
620 3160 659 3203 nc
674 3134 841 3204 simultate
858 3162 935 3205 curn
956 3136 1071 3205 Fulvia
1086 3163 1183 3206 socru
1200 3151 1329 3226 exorta,
1346 3136 1477 3207 dimisit

440 3255 597 3324 intactam
613 3254 722 3323 adhuc
739 3269 772 3323 et
789 3256 970 3350 uirginem.¹
981 3257 1062 3324 Mox
1079 3257 1287 3326 Scriboniam
1304 3258 1337 3324 in
1358 3260 1480 3328 matri-

440 3375 589 3444 monium
606 3377 750 3468 accepit‚
772 3390 909 3470 nuptam
927 3389 1003 3444 ante
1017 3373 1151 3446 duobus
1170 3376 1420 3466 consularibus,
1444 3393 1480 3447 et

440 3521 479 3562 ex
493 3493 597 3562 altero
612 3495 711 3561 etiam
726 3509 874 3563 matrem.
890 3497 976 3564 Cum
991 3496 1053 3563 hac
1066 3498 1167 3564 etiam
1182 3495 1361 3564 divortium
1376 3495 1481 3584 fecit,

440 3627 610 3706 pertaesus,
628 3626 665 3680 ut
684 3615 811 3700 scribit,
828 3637 960 3700 morum
977 3615 1223 3706 pervct'sitatem
1241 3615 1312 3707 ejus
1329 3640 1337 3680 :
1354 3637 1393 3683 ac
1411 3631 1484 3686 sta-

441 3735 498 3800 tim
520 3732 648 3800 Liviam
672 3732 851 3802 Drusillam
879 3734 1089 3801 matrimonio
1110 3733 1234 3802 Tiberii
1259 3733 1424 3823 Neronis,
1447 3752 1485 3805 et

439 3848 573 3942 quidem
596 3866 840 3944 pregnantem,
866 3851 1026 3935 abduxit,
1054 3849 1233 3948 dilexitque
1260 3865 1293 3920 et
1320 3852 1486 3946 probavit

404 3979 405 3982 ’
440 3969 538 4038 unice
554 3993 593 4038 ac
611 3985 868 4062 perseveranter.

489 4091 609 4158 LXlll.
640 4094 688 4159 Ex
711 4090 883 4158 Scribonia
905 4087 1046 4177 Iuliam,
1070 4115 1111 4158 ex
1130 4092 1224 4160 Livia
1248 4091 1330 4161 nihil
1351 4090 1489 4164 libero·
