3168 5440
313 807 561 895 HORATII
592 737 809 896 POETAE
839 806 994 896 VITA.

574 1089 733 1108 *-

136 1275 540 1422 Hormus-umectis,
556 1335 764 1420 Venusinus,
781 1349 890 1427 patre,
907 1347 945 1403 ut
964 1335 1033 1429 ipse
1053 1333 1173 1420 tradit,

133 1452 299 1543 libertino,
313 1469 347 1523 et
360 1456 571 1523 exactionum
586 1469 752 1542 coactore;
772 1468 809 1521 ut
828 1478 908 1522 vero
924 1453 1087 1522 creditum
1104 1467 1171 1539 est,

133 1572 522 1666 salsamentario;.quum
544 1570 592 1640 illi
612 1571 746 1664 quidam
769 1573 803 1639 in
821 1571 1034 1641 altercatione
1052 1597 1172 1667 expro-

132 1694 274 1779 brasset,
289 1694 455 1780 «Quoties
466 1717 529 1786 ego
543 1691 609 1759 vidi
622 1705 750 1784 patrem
766 1705 862 1760 tuum
877 1691 990 1760 cubito
1003 1717 1037 1760 se
1051 1717 1171 1762 emun-

132 1808 308 1907 gentemla
328 1810 420 1880 Bello
440 1811 657 1904 philippensi,
677 1811 805 1878 excitus
822 1835 840 1878 a
857 1813 973 1880 Marco
992 1815 1096 1880 Bruto
1115 1813 1174 1879 im·

134 1947 302 2026 peratore,
323 1933 477 2000 tribunus
496 1930 637 1999 militum
657 1930 777 1996 meruit
798 1955 806 1997 :
827 1930 987 2023 victisque
1005 1932 1172 2024 partibus,

135 2054 230 2120 venia
251 2054 445 2144 impetrata,
468 2050 629 2143 scriptum
654 2048 868 2141 quaestorium
886 2050 1103 2143 comparavit.
1125 2055 1173 2119 Ac

135 2174 244 2266 primo
263 2169 454 2253 Maecenati,
478 2167 598 2236 deinde
616 2171 765 2262 Augusto
789 2168 995 2256 insinuatus,
1013 2195 1080 2238 non
1099 2195 1170 2238 me·

135 2291 282 2360 diocrem
300 2292 335 2358 in
361 2289 536 2382 amborum
558 2287 703 2356 amicitia
730 2285 840 2356 locum
867 2289 983 2356 tenuit.
1009 2291 1173 2359 Maecenas
1254 2307 1257 2314 '

135 2427 341 2505 quantopere
353 2435 429 2478 eum
446 2407 614 2492 dilexerit,
627 2408 705 2480 satis
717 2421 921 2476 monstratur
937 2405 994 2475 illo
1008 2409 1173 2503 epigram·
1208 2381 1212 2392 ’

132 2547 238 2621 mato,
258 2532 315 2600 ubi
334 2531 461 2624 inquit,

162 2758 165 2765 ,
223 2759 226 2770 κ
249 2699 303 2770 ,lli
321 2709 349 2754 te
368 2697 523 2754 visceribus
538 2697 626 2768 meis,
643 2696 761 2767 Horati,

269 2784 333 2847 Plus
350 2791 410 2863 jam
424 2791 531 2864 diligo,
549 2801 578 2845 tu
599 2801 676 2845 tuum
697 2789 824 2846 sodalem

268 2885 349 2939 Molo
363 2879 409 2939 me
424 2875 524 2939 'videas
544 2884 756 2956 strigosiorem:

919 2971 936 3002 Χ

132 3033 189 3101 sed
219 3031 449 3128 multomagis
474 3034 653 3117 extremis,
679 3030 736 3101 tali
764 3032 806 3106 ad
828 3016 1014 3126 Augustum
1032 3029 1171 3126 elogio:

135 3154 295 3222 «Horatii
322 3153 450 3240 Flacci,
481 3168 519 3221 ut
548 3155 632 3240 mei,
661 3177 788 3221 memor
812 3167 894 3220 esto.
914 3157 1119 3246 »Augustus
1140 3154 1173 3220 ei

133 3273 344 3365 epistolarum
373 3272 520 3340 officium
551 3270 693 3358 obtulit,
724 3285 762 3340 ut
790 3273 853 3341 hoc
883 3271 925 3340 ad
955 3274 1171 3342 Maecenatem

132 3395 254 3486 scripto
273 3392 437 3486 significat
455 3419 463 3460 :
481 3421 498 3456 a
513 3396 615 3478 Ante,
632 3393 702 3486 ipse
724 3392 905 3461 scribendis
926 3391 1073 3486 epistolis
1089 3393 1172 3461 arni·

133 3535 247 3580 corum
272 3511 504 3581 sufficiebam:
528 3536 616 3581 nunc
639 3513 932 3606 occupatissimus,
952 3526 985 3580 et
1003 3511 1172 3596 infirmus,

131 3633 305 3700 Horatium
324 3645 476 3700 nostrum
494 3657 513 3700 a
533 3646 565 3700 te
581 3633 681 3724 cupio
700 3615 874 3700 abducere.
893 3632 1013 3700 Veniet
1032 3654 1112 3724 ergo
1129 3631 1172 3698 ab

131 3751 191 3820 ista
208 3752 385 3846 parasitica
403 3775 516 3820 mensa
533 3749 576 3819 ad
592 3751 679 3820 hanc
696 3751 836 3844 regiam,
851 3765 884 3820 et
900 3775 961 3819 nos
978 3751 1013 3818 in
1028 3751 1172 3818 scriben-

130 3869 181 3938 dis
198 3870 348 3965 epistolis
363 3871 535 3965 juvabit.»
555 3873 603 3940 Ac
621 3894 662 3938 ne
676 3873 842 3939 recusanti
862 3870 996 3963 quidem
1015 3883 1073 3938 aut
1091 3893 1169 3938 suc-

129 3994 257 4060 censuit
277 3993 473 4085 quicquam,
499 4006 557 4060 aut
576 3991 754 4059 amicitiam
776 4015 869 4060 suain
891 3990 1043 4084 ingerere
1061 3988 1170 4058 desiit.

131 4110 269 4180 Exstant
292 4110 461 4206 epistolae,
484 4136 524 4180 ex
549 4111 685 4204 quibus,
708 4111 894 4205 argumenti
918 4111 1039 4204 gratia,
1066 4133 1171 4202 pauca
1247 4111 1249 4114 ’
