3108 5434
451 475 505 547 iae
855 478 885 532 c
908 479 1082 536 suaroau

447 605 546 674 domo
564 628 697 698 quoque
715 603 846 698 egredi,
863 617 896 671 et
917 604 1116 672 commercio
1139 602 1311 672 lrorninum
1327 604 1410 692 srui,
1428 632 1471 673 ve-

447 727 574 796 tuerit:
593 723 650 793 sed
670 737 703 792 et
721 721 852 816 peculio
872 747 1028 793 concesso
1045 747 1065 792 a
1084 737 1178 816 patre
1199 724 1408 818 praebitisque
1423 750 1473 794 an·

447 849 523 916 uuis
544 845 728 932 fraudavit,
745 868 805 938 per
819 845 962 938 speciem
979 842 1104 937 publici
1115 844 1218 936 juris,
1235 844 1324 936 quod
1342 843 1422 914 nihil
1439 847 1473 913 de

446 967 498 1036 bis
519 969 687 1061 Augustus
708 979 906 1034 testamento
928 965 1075 1034 cavisset
1098 966 1242 1032 Matrem
1261 965 1389 1056 liviam
1407 990 1472 1060 gra·

445 1101 559 1173 vatus,
578 1085 668 1154 velut
681 1100 792 1178 partes
808 1085 870 1153 sibi
885 1107 995 1178 aequas
1014 1085 1170 1178 potentiae
1186 1083 1424 1172 vindicantem,
1443 1101 1472 1152 et

444 1231 661 1301 congressum
671 1207 742 1299 ejus
756 1205 924 1274 assiduum
938 1205 1073 1290 vitavit,
1089 1219 1122 1272 et
1142 1202 1308 1298 longiores
1328 1208 1473 1274 secretio·

444 1350 562 1420 resque
580 1349 766 1412 sermones,
783 1349 825 1393 ne
842 1325 913 1417 ejus
930 1322 1096 1410 consiliis,
1117 1325 1240 1417 quibus
1258 1337 1367 1392 tamen
1387 1326 1475 1392 inter·

444 1445 572 1514 dumet
592 1469 689 1540 egere
705 1459 738 1512 et
758 1445 806 1512 uti
828 1442 972 1530 solebat,
992 1445 1062 1538 regi
1081 1443 1261 1512 videretur.
1279 1443 1371 1512 Tulit
1384 1447 1475 1513 etiam

445 1564 657 1660 perindigne,
676 1578 787 1631 actum
809 1566 842 1630 in
865 1577 998 1648 senatu,
1015 1577 1054 1630 ut
1072 1561 1177 1630 titulis
1196 1564 1279 1649 suis,
1301 1565 1396 1656 quasi
1415 1569 1475 1636 Au·

444 1686 550 1780 gusti,
569 1687 615 1751 ita
632 1697 665 1750 et
682 1682 785 1750 Liviae
801 1680 908 1769 lilius,
927 1682 1138 1774 adjiceretur.
1151 1683 1265 1770 Quare
1282 1707 1348 1750 non
1361 1707 1478 1779 parau-

443 1818 507 1874 tem
516 1807 645 1900 patrica
664 1797 845 1894 appellari,
867 1824 932 1868 uon
954 1799 1059 1868 ullum
1074 1801 1236 1894 insignem
1251 1801 1412 1870 honorem
1431 1825 1476 1869 re-

445 1925 554 2016 cipere
576 1919 707 2014 publice
727 1943 842 2012 passus
861 1933 919 1988 ast.
939 1917 1003 1986 Sed
1023 1933 1055 1986 et
1077 1918 1267 2015 [requenter
1288 1919 1477 2002 admonuit,

444 2041 652 2134 «majoribus
670 2063 730 2107 nec
748 2037 876 2106 feminae
891 2038 1164 2106 convenientibus
1182 2040 1323 2133 negotiis
1341 2040 1479 2110 abstine·

445 2177 495 2231 ret
509 2187 546 2229 :a
566 2159 748 2254 praecipue,
767 2173 805 2226 ut
824 2157 1074 2244 animadvertit,
1095 2157 1247 2227 incendio
1263 2161 1359 2252 juxta
1380 2158 1477 2228 aedem

444 2285 554 2352 Vestae
565 2295 598 2348 et
609 2280 712 2371 ipsam
724 2279 951 2360 intervenisse,
967 2275 1197 2374 populumque
1214 2293 1247 2346 et
1260 2276 1403 2366 milites,
1414 2303 1479 2372 quo

444 2401 572 2468 enixius
591 2423 689 2491 opem
703 2397 846 2482 ferrent,
866 2395 1095 2480 adhortatam,
1113 2398 1199 2465 sicut
1211 2397 1272 2466 sub
1290 2400 1414 2466 marito
1432 2423 1480 2464 so-

444 2519 503 2588 lita
520 2533 614 2588 esset.

492 2643 549 2709 LI.
570 2639 701 2708 Dehinc
722 2638 764 2707 ad
789 2637 992 2707 simultatem
1013 2661 1119 2730 usque
1142 2639 1320 2731 processit,
1342 2639 1428 2724 hac,
1449 2653 1483 2706 ut

443 2761 569 2862 sepunt,
590 2759 631 2827 de
652 2781 762 2828 causa.
785 2760 927 2828 Instanti
950 2759 1083 2852 saepius,
1100 2772 1137 2826 ut
1159 2760 1293 2826 civitate
1319 2757 1481 2828 donatum

443 2882 478 2950 in
499 2881 649 2950 decurias
668 2877 842 2974 allegeret,
862 2879 1010 2973 negavit,
1030 2876 1095 2948 alia
1117 2903 1152 2946 se
1174 2877 1367 2948 conditione
1387 2877 1484 2948 allec-

444 3017 579 3086 turum,
599 3023 701 3091 quam
723 2999 750 3068 si
770 3013 941 3094 pateretur
966 2997 1084 3066 ascribi
1111 2996 1205 3086 albo,
1231 3013 1431 3068 certor-tum
1455 2997 1488 3066 id

444 3120 507 3188 sibi
527 3133 706 3187 amatre.»
726 3123 772 3188 At
790 3117 847 3188 illa
863 3133 1046 3206 commota,
1061 3132 1186 3187 ueteres
1205 3117 1371 3211 quosdam
1393 3118 1437 3188 ad
1456 3141 1488 3186 se

445 3239 587 3334 Augusti
609 3237 777 3307 codicillos
796 3239 836 3306 de
856 3239 1034 3307 acerbitate
1058 3253 1092 3306 et
1115 3237 1327 3306 intolerantia
1348 3264 1487 3307 morum

444 3360 534 3453 ejus,
553 3383 572 3425 e
596 3360 740 3426 sacrario
763 3357 903 3452 protulit
924 3373 1023 3451 atque
1045 3358 1206 3427 recitavit.
1228 3363 1297 3427 llos
1319 3373 1355 3428 et
1374 3374 1489 3428 custo·

434 3477 531 3576 qditos
549 3477 696 3564 tamdiu,
715 3491 747 3546 et
760 3478 977 3570 exprobratos
996 3491 1064 3546 tam
1083 3477 1217 3568 infeste,
1235 3477 1318 3546 adeo
1336 3482 1493 3573 graviter

444 3595 541 3686 tulit,
560 3611 598 3664 ut
618 3598 753 3690 quidam
771 3611 910 3690 putent,
929 3599 1016 3665 inter
1037 3621 1153 3666 causas
1177 3621 1323 3666 secessus
1349 3599 1494 3668 hancei

444 3715 497 3786 vel
527 3717 726 3811 praecipuam
752 3717 861 3786 fuisse.
885 3721 970 3786 Toto
987 3715 1123 3811 quidem
1152 3719 1314 3804 triennio,
1339 3745 1417 3813 quo
1446 3722 1494 3786 vi·

444 3851 542 3905 vente
567 3851 673 3905 matre
695 3835 821 3924 abfuit,
843 3837 943 3907 semel
966 3825 1104 3906 omuibo
1131 3863 1224 3922 eam,
1255 3863 1315 3906 nec
1340 3840 1496 3934 amplius

444 3980 544 4049 quam
565 3981 633 4026 uno
653 3955 726 4045 die,
745 3981 783 4026 ac
802 3959 1009 4052 paucissimis
1028 3957 1109 4025 vidit
1130 3958 1220 4026 boris
1240 3985 1248 4026 :
1268 3983 1306 4026 ac
1333 3984 1422 4028 mox
1443 3985 1499 4028 ne-

444 4099 509 4167 que
530 4101 625 4170 aegrae
646 4075 759 4145 adesse
779 4079 926 4159 curavit;
950 4077 1226 4168 defunctamque,
1245 4093 1297 4158 et,
1319 4077 1410 4146 dum
1436 4082 1498 4148 arl-
