3138 5438
426 499 463 552 bo
830 495 860 548 C.
878 493 1053 550 sumtu

426 645 465 687 ac
480 617 645 706 ‘salmoe
665 633 777 713 gentes
797 616 973 712 Inalpinas.
996 620 1151 688 Coercuit
1167 633 1201 687 et
1216 621 1383 687 Dnoorum
1401 614 1443 682 in·

427 738 608 824 cursiones,
623 737 727 806 tribus
741 761 856 806 eorum
869 735 1008 806 ducibus
1021 762 1098 805 cum
1110 760 1230 830 magna
1240 735 1333 830 copis
1346 733 1446 816 cresis,

428 861 674 948 Germanosque
693 853 781 924 ultre
801 853 910 924 Albim
929 854 1067 924 flurium
1088 857 1267 924 summovit
1288 879 1296 921 :
1318 877 1359 922 ex
1381 853 1447 945 qui·

427 975 489 1042 bus
499 973 604 1044 Ubios
616 989 649 1042 et
661 972 860 1068 Sygambros
871 972 1025 1042 dedentes
1038 997 1072 1042 se
1084 973 1231 1042 traduxit
1243 974 1278 1040 in
1291 969 1447 1054 Gellium,

426 1109 526 1188 utque
540 1095 574 1162 in
589 1093 748 1188 proximis
764 1093 880 1164 Rheno
896 1093 984 1187 agris
999 1091 1179 1162 coltooevit
1196 1091 1284 1163 Alius
1300 1093 1380 1159 item
1398 1113 1448 1156 nu·

428 1213 533 1282 tiones
546 1210 631 1281 mule
643 1213 770 1305 quietes
783 1210 826 1280 ud
840 1213 1033 1304 obsequium
1050 1211 1185 1306 redegit
1202 1213 1272 1280 Neo
1287 1208 1347 1278 ulli
1363 1209 1447 1303 genti

427 1333 497 1400 siue
511 1331 609 1424 justis
625 1344 658 1399 et
678 1330 864 1398 neeessariiu
885 1331 993 1398 causis
1013 1327 1136 1398 bellum
1156 1329 1288 1416 intulit,
1307 1343 1448 1396 tantum·

427 1475 493 1544 que
505 1449 611 1518 obfuit
624 1448 835 1543 scupiditute
848 1473 983 1542 quoquo
997 1447 1097 1517 modo
1110 1449 1284 1542 imperium
1296 1445 1349 1515 vel
1363 1445 1449 1514 belli·

427 1594 500 1639 csm
517 1568 655 1663 glorium
671 1567 829 1662 augendi,
847 1581 885 1636 ut
896 1567 1115 1661 quorumdem
1130 1566 1346 1634 harbarorum
1361 1565 1448 1658 prin-

427 1687 517 1781 ciper
532 1689 566 1755 in
578 1686 647 1756 ede
658 1688 777 1758 Martis
790 1683 917 1756 Ultoris
930 1686 1043 1778 jurare
1057 1686 1215 1778 coegerit,
1230 1707 1403 1752 mansuros
1419 1707 1450 1750 sc

429 1807 462 1874 in
475 1803 540 1876 ffle
550 1829 589 1873 uc
601 1829 695 1900 pune,
710 1828 810 1898 quum
821 1818 985 1898 petereut;
999 1828 1018 1872 u
1030 1802 1227 1896 quibusdum
1239 1827 1318 1870 vero
1330 1825 1451 1871 norum

427 1950 531 2019 genus
546 1924 713 2008 obsidum,
730 1925 881 2010 semines,
896 1923 1024 2017 exigere
1040 1923 1231 2009 tentaverit,
1247 1920 1338 2014 quod
1356 1917 1451 2013 negli-

428 2067 506 2138 gere
532 2044 673 2112 marium
700 2043 838 2137 pignora
860 2041 1031 2110 sentiebat.
1057 2045 1101 2110 Et
1126 2055 1235 2110 tumen
1259 2051 1451 2132 potestatem

429 2185 558 2254 semper
582 2161 736 2230 omnibus
764 2161 860 2248 fecit,
888 2162 1017 2254 quoties
1045 2157 1187 2248 vellent,
1215 2158 1345 2226 obsides
1373 2157 1453 2226 reoi-

429 2279 551 2374 pieudi.
571 2282 760 2373 Nequeunt
778 2280 943 2364 mnus,
958 2293 1016 2348 out
1032 2277 1239 2374 perfidiosius
1260 2275 1453 2346 rebellantes

430 2399 579 2494 graviore
596 2423 743 2492 unquam
759 2397 847 2468 ultus
863 2413 912 2467 est
928 2423 1040 2492 poeue,
1058 2423 1157 2491 quam
1174 2411 1214 2466 ut
1229 2398 1379 2490 captivos
1396 2395 1453 2464 sub

430 2513 501 2612 lege
522 2517 746 2602 venundaret,
769 2543 812 2587 ne
834 2519 870 2586 in
891 2518 998 2584 vicina
1018 2517 1154 2609 regione
1174 2517 1353 2600 servirent,
1374 2537 1455 2582 neve

430 2636 517 2704 intra
529 2637 727 2706 tricesimum
738 2659 862 2706 annum
875 2634 1101 2704 liberarentur.
1114 2635 1190 2723 Qua
1201 2635 1332 2702 virtutis
1345 2631 1455 2700 mode-

430 2757 631 2850 rationisque
648 2753 735 2824 fnme
753 2755 855 2824 ludos
873 2755 972 2822 etiem
989 2777 1029 2822 sc
1048 2753 1204 2846 Scythas,
1220 2752 1335 2820 auditu
1356 2751 1455 2820 modo

430 2875 594 2967 cognitos,
611 2872 744 2967 pellexit
758 2872 800 2942 ud
816 2873 993 2942 amicitiam
1009 2895 1101 2940 suum
1119 2869 1298 2966 populique
1312 2871 1456 2940 Romani

433 2991 521 3062 ultro
532 3015 593 3086 per
609 2990 731 3084 legatos
742 2991 927 3087 petendam.
942 2991 1056 3060 Purtbi
1067 3014 1199 3083 quoque
1214 3004 1247 3057 et
1263 2990 1457 3058 Armenium

431 3109 608 3182 vindicanti
641 3109 735 3180 facile
764 3123 951 3195 senserunt,
982 3123 1016 3178 et
1049 3111 1143 3203 signu
1174 3105 1350 3193 militarie,
1383 3131 1457 3200 que

429 3230 478 3298 M.
498 3231 617 3298 Crasso
635 3244 670 3297 et
685 3231 733 3302 Μ.
754 3229 900 3300 Antonio
919 3225 1121 3314 ademerunt,
1140 3227 1326 3320 reposcenti
1343 3225 1458 3295 reddi-

429 3347 570 3434 derunt,
586 3346 780 3440 obsidesque
796 3349 932 3440 insuper
947 3346 1158 3432 obtulerunt3
1176 3345 1337 3438 denique,
1354 3345 1461 3441 pluri·

430 3466 493 3535 bos
510 3466 676 3561 quondum
693 3466 734 3536 de
751 3491 854 3560 reguo
869 3467 1152 3552 concertantibus,
1172 3465 1301 3534 nonnisi
1322 3467 1369 3534 ab
1388 3467 1461 3560 ipso

429 3583 569 3654 electum
582 3587 889 3680 comprobaverunt.

478 3705 587 3774 xxlt
612 3707 731 3773 lunum
750 3705 948 3794 Quirinum,
966 3704 1066 3774 semel
1082 3720 1181 3798 etque
1202 3707 1320 3772 iterum
1340 3727 1362 3772 a
1380 3729 1461 3774 eon·

430 3822 500 3890 dito
512 3823 603 3896 Urbe
617 3824 806 3892 memorium
821 3838 897 3892 aute
913 3847 1004 3894 suem
1021 3824 1187 3909 clausum,
1203 3825 1246 3890 in·
1257 3821 1368 3892 multo
1385 3825 1462 3890 bre-

432 3941 521 4009 viore
530 3940 686 4032 tporis
694 3941 815 4032 spatio,
827 3955 913 4009 tem
921 3944 1069 4036 marique
1078 3967 1158 4036 pace
1167 3957 1278 4036 parte,
1288 3955 1341 4010 ter
1350 3941 1462 4011 clusit.

432 4059 486 4126 Bis
509 4081 612 4126 otrus
636 4057 800 4150 ingressus
822 4073 872 4127 est
893 4060 1040 4146 Urbem,
1065 4074 1139 4152 post
1165 4058 1403 4151 Philippense,
1429 4081 1460 4132 et
