3108 5434
420 504 605 562 ocrsvlus
625 504 827 562 AUGUSTUS.
1101 502 1164 574 75.

11 661 13 728 3
125 640 263 718 atqueex
281 627 479 720 improbatis
491 626 572 698 alios
585 651 694 722 poena,
710 627 791 698 elios
806 627 984 724 ignominia
996 627 1137 712 notavit3

11 741 12 746 ’
124 741 224 834 plmes
241 743 486 831 admonitione,
502 745 560 815 sed
576 747 687 816 varia:
701 745 901 816 lenissimum
913 769 1015 839 genus
1026 742 1138 812 admo·

124 862 250 930 nitionis
271 861 338 932 fuit
359 862 493 935 traditio
509 887 620 934 coram
639 861 868 958 pugillarium,
886 887 968 957 quos
982 862 1088 951 taciti,
1106 877 1139 930 et

123 979 237 1050 ibidem
254 982 368 1050 statim
388 979 554 1076 legerent:
572 985 762 1076 notavitque
777 981 919 1077 aliquos,
937 980 1025 1075 quod
1042 1005 1140 1074 pecu

123 1096 187 1166 nias
205 1096 386 1168 levioribus
409 1101 517 1172 usuris
530 1102 702 1189 mutuati,
726 1102 875 1196 graviore
903 1099 1015 1169 lenore
1036 1097 1138 1172 colto-

123 1232 255 1286 oessent.
278 1286 279 1289 ,

163 1339 236 1406 XL.
258 1339 410 1408 Comitiis
430 1340 625 1428 tribunitiis,
646 1342 673 1410 si
698 1341 846 1412 deessent
865 1337 1030 1410 candidati
1047 1359 1140 1406 sena·

11 1529 12 1536 ,
122 1469 220 1543 toras,
239 1479 280 1524 ex
306 1459 472 1550 equitibus
500 1460 644 1527 murenis
671 1461 809 1547 creavit,
836 1459 880 1527 itu
907 1471 963 1546 ut,
981 1469 1142 1551 potestate

122 1587 303 1661 transacto,
322 1577 357 1643 in
373 1591 451 1644 utro
468 1574 590 1645 vellent
613 1576 729 1646 ordine
749 1590 928 1646 manerent.
949 1576 1061 1664 Quum
1084 1596 1143 1641 uu·

121 1703 182 1759 tem
197 1691 353 1788 plerique
362 1695 526 1786 equitum,
539 1695 654 1763 attrito
667 1693 760 1764 bellis
774 1695 923 1764 civilibus
933 1693 1142 1786 patrimonio,

120 1825 266 1902 spectare
280 1809 406 1882 ludose
420 1813 670 1906 quatuordecim
683 1839 749 1882 non
757 1812 932 1900 auderent,
942 1826 1032 1880 metu
1040 1834 1144 1905 poeuae

120 1927 307 2016 theatralis,
326 1931 572 2024 pronuntiavit,
592 1956 658 2001 non
679 1933 783 2000 teneri
797 1956 852 2020 ea,
866 1931 984 2024 quibus
998 1930 1077 2023 ipsis
1090 1952 1144 2021 pe·

119 2047 311 2116 rentibusve
329 2063 481 2141 equester
497 2073 613 2120 census
632 2074 801 2144 nunquam
818 2049 940 2120 fuisset.
958 2045 1077 2143 Populi
1092 2071 1144 2115 re·

119 2187 254 2234 censum
286 2167 421 2236 vicatim
447 2169 514 2262 egit
542 2193 551 2236 τ
581 2192 634 2258 ac,
664 2192 706 2239 ne
731 2167 822 2262 plebs
850 2167 1143 2237 frumentationum

120 2305 212 2350 musa
233 2283 440 2376 frequentius
458 2311 477 2354 a
494 2288 633 2381 negotiis
650 2301 860 2376 avocaretur,
879 2303 931 2356 ter
958 2287 992 2354 in
1020 2309 1147 2354 annum.

119 2416 320 2493 quaternum
337 2406 498 2474 mensium
518 2421 656 2476 tesseras
673 2407 752 2476 dare
768 2407 959 2492 destinavit3
984 2405 1041 2475 sed
1061 2403 1145 2473 desi-

119 2518 247 2592 deranti
264 2525 535 2594 consuetudinem
552 2540 697 2596 veterem
715 2527 876 2595 concessit
893 2549 1023 2612 rursus,
1038 2538 1076 2592 ut
1093 2523 1143 2591 sui

121 2641 279 2735 utiusque
304 2644 425 2712 mensis
449 2645 620 2738 acciperet.
650 2645 869 2715 Comitiorum
885 2667 1018 2736 quoque
1041 2642 1146 2735 pristi-

124 2781 199 2828 num
215 2761 274 2854 jus
292 2760 448 2830 reduxit:
466 2787 505 2830 ac
524 2759 697 2856 multiplici
720 2787 817 2856 poenn
836 2762 979 2830 coercito
996 2759 1145 2846 ambitu,

123 2876 271 2946 labianis
287 2894 323 2946 et
338 2880 596 2973 Scaptiensibus,
613 2879 790 2950 tribulibus
812 2881 901 2967 suis,
919 2878 971 2946 die
993 2877 1144 2946 comitio·

123 3019 209 3081 mm,
233 2997 378 3090 nequid
396 3023 416 3066 a
435 3023 601 3093 quoquam
619 2999 795 3070 candidato
815 2997 1052 3084 desiderarent,
1078 2997 1145 3064 sin-

122 3111 193 3205 gula
219 3113 327 3185 millia
350 3142 565 3188 nummuma
594 3143 629 3189 se
653 3119 827 3188 dividebat.
850 3117 965 3211 Magni
988 3129 1144 3210 praeterea

120 3233 326 3322 existimans,
343 3213 506 3306 sincerum
516 3252 616 3332 atque
631 3239 672 3307 ab
685 3238 774 3307 omni
786 3234 971 3306 colluvione
983 3233 1145 3328 peregrini

122 3374 157 3420 ac
172 3351 302 3422 servilis
320 3357 487 3448 sanguinis
510 3358 739 3452 incorruptum
759 3379 887 3425 servare
912 3353 1088 3449 populum,
1111 3367 1145 3420 et

121 3469 286 3540 civitatem
312 3497 485 3542 romanam
501 3476 691 3570 parcissime
716 3473 825 3562 dedit,
843 3485 875 3542 et
890 3468 1142 3541 manumittendi

121 3589 256 3658 modum
275 3593 477 3662 tmminnrit.
496 3593 642 3682 Tiberio,
656 3617 718 3687 pro
734 3591 851 3661 cliente
870 3593 987 3660 Graeco
1002 3589 1144 3684 petenti,
1161 3601 1163 3609 '

119 3709 302 3802 muipsit,
317 3711 425 3780 «Non
448 3709 544 3781 aliter
568 3735 603 3780 se
632 3709 801 3796 daturum,
830 3733 928 3802 quam
954 3708 981 3777 si
1004 3730 1144 3802 praeseus

120 3825 181 3895 tibi
200 3829 429 3920 persuasisset,
446 3854 548 3924 quam
565 3831 669 3924 justas
692 3828 826 3924 petendi
845 3852 959 3897 causas
976 3827 1145 3895 haberet.»

119 3946 163 4014 Et
181 3946 299 4032 Lirin,
315 3972 378 4041 pro
398 3949 542 4042 quodum
561 3950 736 4018 tributario
753 3947 852 4018 Gallo
868 3949 1016 4044 roganti,
1030 3947 1146 4014 civita·

120 4077 187 4133 tem
210 4067 358 4159 negavit,
376 4069 619 4137 immunitatem
636 4067 773 4158 obtulit,
792 4067 973 4155 affirmans,
986 4067 1049 4135 «Se
1068 4057 1145 4134 laci·
