3138 5438
464 517 494 571 C.
517 516 649 572 IULIUS
670 517 804 572 CAESAR.
1113 518 1148 572 23

114 665 167 732 per
186 638 316 708 libellos
333 640 458 708 circum
476 640 580 709 tribus
597 641 712 710 missos
734 642 897 735 scriptura
913 641 1005 712 brevi
1022 667 1030 708 ε
1049 669 1066 704 u
1082 644 1150 711 Cae·

113 783 163 826 sar
188 759 345 826 Dictator
371 755 420 826 illi
448 759 558 826 tribui.
586 759 792 830 Commendo
815 759 910 828 vobis
934 757 1028 827 iilum
1053 773 1086 827 et
1113 758 1150 826 it-

114 877 194 962 lum,
211 891 251 946 ut
265 892 378 947 vestro
395 877 553 973 suffingio
569 903 663 948 suam
681 879 877 974 dignitatem
893 891 1061 958 teneant.»
1085 877 1149 946 nd-

115 999 199 1070 ut'tsit
220 995 264 1067 ad
290 997 435 1068 houmes
454 1013 487 1066 et
514 1002 777 1092 proscriptorum
799 997 930 1066 liberos.
952 995 1084 1066 Iudicia
1105 997 1148 1066 ud

115 1117 319 1216 duo-genera
338 1116 492 1210 judicum
509 1119 655 1213 redegit,
672 1120 835 1211 equestris
855 1117 981 1188 ordinis
1002 1142 1040 1188 ac
1059 1142 1149 1186 sena·

116 1237 188 1303 torii
215 1262 224 1302 :
253 1237 404 1304 tribunos
428 1239 580 1322 cerarios,
606 1237 697 1330 quod
724 1253 796 1307 erat
823 1240 975 1325 tertium,
1001 1236 1146 1306 sustulit.

115 1359 299 1424 Recensum
318 1355 453 1450 populi,
473 1381 533 1424 uec
552 1381 665 1444 more,
682 1379 744 1425 nec
760 1356 833 1426 loco
850 1355 967 1444 solito,
985 1355 1042 1426 sed
1063 1355 1148 1424 vica

116 1476 171 1542 tim
188 1499 250 1567 per
267 1473 420 1544 dominos
441 1474 623 1544 insularum
642 1477 711 1570 egit
730 1501 738 1544 :
758 1491 857 1569 atquc
882 1501 922 1544 ex
943 1475 1060 1569 viginti
1079 1489 1146 1542 tre·

116 1596 286 1685 contisque
307 1591 453 1663 millibus
475 1597 707 1689 accipientium
729 1595 932 1664 frumentum
955 1592 1147 1688 epubiicc,

114 1711 151 1778 ed
169 1727 308 1780 centum
326 1713 565 1807 quinquaginta
582 1716 727 1784 retraxit.
747 1719 794 1784 Ac
810 1741 851 1782 ue
867 1715 924 1807 qui
945 1716 1021 1782 novi
1044 1727 1147 1782 coetus

115 1830 316 1898 recensionis
336 1855 435 1899 causa
459 1834 584 1900 moveri
598 1833 799 1926 quandoque
817 1847 967 1927 possent,
984 1833 1148 1920 instituit,

114 1952 293 2040 quotannis
319 1951 352 2016 in
375 1949 626 2021 demortuorum
649 1951 757 2021 iocum
777 1977 818 2021 ex
845 1953 899 2040 iis,
917 1953 974 2045 qui
995 1952 1147 2020 recensiti

115 2094 178 2136 non
199 2083 327 2156 essent,
350 2070 543 2138 subsortitio
561 2095 580 2140 a
600 2086 739 2165 praetore
756 2073 859 2142 fieret.

156 2191 266 2256 XLII.
292 2190 474 2282 Octoginta
492 2203 603 2258 autem
620 2191 744 2258 civium
765 2190 910 2261 millibus
933 2195 967 2260 in
986 2205 1148 2260 transme-

115 2307 199 2374 rinas
227 2307 378 2375 colonias
410 2306 616 2396 distributis,
642 2321 679 2378 ut
706 2309 870 2379 exhaustae
894 2335 1027 2404 quoque
1056 2311 1147 2378 urbis

115 2422 302 2516 frequentia
328 2440 533 2519 suppeteret,
554 2429 677 2512 sanxit,
702 2429 833 2522 nequis
852 2430 933 2497 civis
959 2431 1064 2521 major
1088 2453 1147 2496 an·

1 2567 2 2578 ¹
114 2545 160 2610 uis
178 2544 326 2638 viginti,
344 2545 492 2612 minorve
509 2545 749 2639 quadraginta,
767 2549 824 2639 qui
849 2563 1054 2616 sacramento
1078 2571 1144 2614 uon

1 2681 2 2698 ³
115 2678 295 2752 teneretur,
323 2662 397 2757 pius
423 2664 566 2732 triennio
585 2666 745 2734 continuo
771 2666 865 2734 ltalia
892 2666 1017 2732 abesset
1045 2690 1052 2730 :
1081 2689 1145 2732 neu

114 2787 183 2874 quis
208 2786 375 2854 senatoris
400 2782 502 2869 iilius,
522 2786 584 2854 nisi
604 2783 850 2853 contubernalis
875 2799 932 2852 aut
952 2808 1062 2850 comes
1083 2807 1148 2850 ma·

113 2903 290 2994 gistratus,
309 2929 445 2998 peregre
466 2905 757 2997 proficisceretur:
774 2927 856 2972 neve
874 2905 925 2990 hi,
942 2905 998 2994 qui
1025 2927 1146 2996 perua-

113 3023 191 3090 siam
213 3023 379 3109 facerent,
391 3025 501 3093 minus
518 3025 614 3094 tertia
631 3039 723 3117 perte
741 3025 903 3118 puberum
922 3026 1146 3117 ingenuorum

113 3143 195 3210 inter
223 3157 375 3234 pastores
401 3143 569 3211 haberent.
596 3146 787 3236 Omnesque
811 3144 1011 3212 medicinam
1034 3147 1146 3212 Roma

114 3260 295 3350 professos,
312 3277 346 3329 et
364 3260 549 3331 liberalium
573 3265 695 3331 artium
718 3262 889 3349 doctores,
904 3287 972 3355 quo
992 3261 1147 3329 libentius

1 3375 2 3389 ¹
112 3379 227 3470 stipsi
251 3379 368 3446 urbem
387 3379 583 3468 incolerent,
604 3397 637 3450 et
657 3383 755 3450 ceteri
782 3396 994 3475 appeterent,
1015 3380 1147 3447 civitate

1 3531 2 3572 i
113 3495 259 3566 donavit
279 3501 331 3566 De
347 3499 498 3590 pecuniis
519 3501 661 3585 mutuis,
677 3499 814 3592 disjecta
832 3523 995 3568 novarum
1017 3496 1145 3566 tabula·

113 3641 186 3684 rum
216 3619 486 3708 exspectatione,
520 3641 593 3708 quae
620 3618 737 3686 crebro
767 3618 973 3702 movebatur,
1004 3615 1145 3684 decrevit

1 3791 2 3808 1
113 3734 269 3822 tandem,
287 3748 325 3802 ut
342 3733 507 3803 debitores
522 3735 740 3805 creditoribus
758 3735 997 3820 satisfacerent,
1015 3759 1074 3826 per
1089 3757 1145 3800 aes·

112 3857 319 3924 timationem
344 3856 607 3949 possessionum,
633 3859 747 3950 quanti
775 3881 921 3949 quasque
948 3869 1023 3923 ante
1049 3850 1144 3922 civile

2 3987 3 4002 ¹
113 3973 235 4042 beilum
261 3989 529 4070 comparassent,
557 3975 698 4044 deducto
726 4001 862 4046 summae
887 3977 958 4043 seris
983 3974 1098 4062 alieni,
1118 3977 1144 4042 si

2 4079 3 4126 ³
113 4093 193 4184 quid
216 4119 324 4163 usurae
350 4096 486 4163 nomine
504 4111 731 4183 numeratum,
749 4113 806 4164 aut
826 4097 1045 4188 perscriptum
1066 4095 1146 4162 fuis-
