3098 5446
389 491 421 528 m
793 471 822 526 C.
845 471 1022 526 SUETONII

385 601 553 668 mentione
582 597 677 666 lacta.
706 597 784 684 Quo
809 595 990 664 faciliorem
1016 619 1223 666 occasionem
1243 601 1291 666 M.
1316 597 1426 669 Salvio

384 721 512 790 Othoni
534 719 674 813 praebuit
695 715 886 811 perficiendi
907 731 1042 804 conata,
1063 719 1149 786 intra
1171 732 1299 787 sextum
1324 719 1427 814 adop·

384 842 484 910 tionis
506 837 603 908 di'em.
685 921 686 926 γ

432 962 556 1030 XVIII.
575 961 699 1054 Magna
716 975 749 1028 et
763 924 893 1028 asiidna
913 975 1061 1028 monstra
1083 960 1154 1052 jam
1173 958 1250 1028 inde
1266 984 1285 1028 a
1304 961 1430 1053 princi·

384 1083 441 1175 pio
460 1081 586 1149 exitum
605 1081 654 1178 ,eit
677 1077 783 1173 qualis
806 1081 933 1166 evenit,
952 1079 1198 1174 portenderant
1227 1081 1344 1168 Quum
1368 1105 1431 1174 per

385 1225 483 1270 omne
504 1201 567 1268 iter
591 1200 706 1269 dextra
732 1201 931 1293 sinistraque
953 1199 1138 1294 oppidatim
1164 1201 1305 1268 victimae
1327 1199 1433 1269 caede-

385 1339 513 1408 rentur,
529 1339 663 1411 taurus,
682 1323 804 1390 securis
824 1323 892 1390 ictu
913 1335 1160 1409 consternatus,
1179 1335 1279 1414 rupto
1294 1319 1432 1390 vinculo

384 1443 535 1516 essedum
563 1445 633 1538 ejus
658 1444 797 1529 invasit,
820 1440 978 1535 elatisque
1004 1441 1145 1534 pedibus
1172 1455 1280 1510 totum
1309 1467 1433 1511 eruore

385 1562 552 1659 perfudit;
584 1589 622 1633 ac
651 1561 906 1632 descendentem
935 1559 1124 1654 speculator
1152 1559 1295 1656 impulsu
1324 1563 1434 1631 turbae

385 1683 500 1754 lancea
518 1709 622 1778 prope
642 1681 840 1754 vulneravit.
859 1683 988 1752 Urbem
1006 1706 1160 1776 quoque,
1180 1697 1214 1750 et
1236 1681 1355 1750 deinde
1372 1709 1435 1776 pa·

384 1804 502 1876 latium
524 1807 710 1900 ingressum
727 1805 858 1897 excepit
876 1818 971 1871 terrae
986 1819 1124 1888 tremor,
1140 1817 1174 1871 et
1185 1801 1335 1871 assimilis
1356 1806 1434 1896 qni·

385 1926 461 1994 dam
483 1925 626 2019 mugitui
644 1949 756 1992 sonus.
776 1927 895 1993 Secuta
912 1939 991 1992 sunt
1011 1921 1183 2016 aliquanto
1207 1923 1435 1992 manifestiora

386 2062 419 2116 et
442 2046 599 2115 tristiora.
622 2043 768 2131 Monile,
788 2045 975 2138 margaritis
998 2045 1203 2137 gemmisque
1221 2059 1434 2129 consertum,

387 2166 430 2236 ad
441 2165 625 2234 ornandam
639 2169 821 2233 Fortunam
834 2187 928 2232 suam
944 2163 1168 2248 tusculanam,
1189 2165 1332 2232 exomni
1350 2189 1436 2258 gaza

387 2300 595 2356 accreverat:
616 2285 649 2353 id
672 2299 828 2378 repente,
850 2286 942 2378 quasi
966 2286 1158 2378 augustiore
1182 2283 1315 2382 dignius
1335 2281 1435 2370 loco,

385 2404 583 2500 Capitolinae
600 2406 723 2475 Veneri
740 2403 905 2473 dedicavit
924 2431 931 2472 :
948 2429 986 2473 ac
1007 2407 1157 2498 proxima
1173 2419 1271 2473 noete
1289 2407 1437 2473 somnia·

385 2529 433 2598 vit
453 2528 594 2622 speciem
615 2531 768 2594 Fortunae
793 2528 981 2618 querentis,
1001 2525 1183 2594 fraudatam
1208 2551 1242 2594 se
1265 2525 1354 2594 dono
1373 2525 1437 2594 de-

386 2649 525 2734 stinato,
544 2647 785 2738 minantisque,
798 2659 987 2738 erepturam
1004 2660 1037 2712 et
1047 2647 1168 2739 ipsam,
1187 2670 1260 2739 qun
1275 2645 1435 2714 dedisset.

384 2771 567 2861 Quumque
579 2766 855 2854 exterritus‚luee
866 2767 973 2861 prima
983 2765 1025 2833 ad
1036 2764 1237 2860 expiandum
1248 2768 1435 2848 somnium,

386 2891 583 2982 praemissis,
618 2890 674 2982 qui
710 2913 778 2957 rem
813 2888 960 2955 divinam
997 2902 1219 2981 appararent,
1247 2887 1435 2956 Tusculum

385 3012 645 3098 excucurrisset,
667 3009 750 3078 nihil
776 3011 901 3078 invenit
924 3024 1042 3104 praeter
1069 3008 1214 3102 tepidam
1239 3010 1273 3077 in
1296 3033 1353 3078 ara
1383 3009 1438 3079 fa-

387 3129 519 3218 villam,
541 3145 752 3224 atratumque
770 3131 864 3223 juxta
888 3155 1001 3198 senem
1026 3131 1059 3197 in
1086 3131 1196 3197 catino
1221 3131 1326 3226 vitreo
1353 3130 1437 3199 thus

387 3265 578 3336 tenentem,
596 3267 628 3318 et
648 3253 682 3320 in
700 3249 800 3320 calice
818 3249 908 3334 fictili
928 3251 1066 3319 merum.
1088 3250 1311 3320 Observatum
1330 3251 1436 3320 etiam

359 3463 360 3466 Ἴ
385 3386 457 3459 est,
482 3370 631 3440 kalendis
661 3373 822 3466 januariis
847 3371 1045 3442 sacrificanti
1072 3395 1231 3440 eoronam
1256 3371 1297 3439 de
1322 3374 1438 3466 eapite

386 3491 563 3578 excidisse,
590 3493 773 3586 auspicanti
801 3489 910 3586 pullos
935 3489 1084 3560 avolasse
1106 3518 1114 3559 :
1137 3490 1326 3585 adoptionis
1353 3491 1436 3576 die,

387 3635 495 3705 neque
510 3610 631 3680 milites
647 3609 834 3681 allocuturo
851 3625 1053 3681 castrensem
1068 3610 1181 3680 sellam
1200 3611 1242 3680 de
1259 3637 1353 3681 more
1373 3639 1438 3708 po·

387 3733 484 3800 sitam
500 3757 562 3826 pro
580 3730 758 3822 tribunali,
772 3731 883 3800 oblitis
900 3732 1079 3818 ministris,
1095 3748 1129 3800 et
1144 3735 1178 3800 in
1197 3747 1314 3803 senatu
1331 3759 1439 3804 curn-

385 3849 449 3920 lem
470 3876 622 3945 perverse
640 3852 843 3923 collocatam.

434 3974 526 4040 XIX.
555 3975 651 4042 Prius
680 3999 779 4060 vero,
809 4003 908 4070 qnam
942 3978 1163 4064 occideretur,
1191 3975 1434 4046 sacrificantem

386 4113 479 4158 mane
500 4091 664 4189 haruspex
686 4093 866 4165 identidem
891 4100 1039 4188 monuit,
1060 4113 1190 4166 caveret
1209 4095 1398 4194 periculum
1425 4121 1432 4161 :
