3114 5446
413 517 467 594 ¹96
818 515 848 571 c.
871 489 1045 572 simroun

409 655 576 712 exstructo
595 639 801 736 plurifariam
817 641 916 709 circo.
935 637 1084 710 Canendi
1099 663 1138 709 ac
1160 638 1301 710 saltandi
1324 639 1442 737 volup·

409 777 478 832 tate
498 762 545 831 ita
562 759 776 848 efferebatur,
798 773 836 828 ut
860 783 903 827 ne
925 757 1066 852 publicis
1090 756 1225 852 quidem
1245 760 1443 855 spectaculis
1484 843 1489 850 ‚

410 894 626 974 temperaret,
643 904 709 976 quo
727 878 836 947 minus
855 892 888 946 et
908 877 1058 973 tragmdo
1075 880 1311 972 pronuncianti
1329 883 1442 950 conci·

410 1015 522 1088 neret,
544 1014 577 1068 et
596 1013 725 1094 gestum
744 998 915 1068 histrionis
932 999 1026 1091 quasi
1045 996 1185 1068 laudans
1203 998 1254 1070 vel
1274 1003 1444 1096 corrigens

410 1119 520 1216 palam
539 1119 719 1214 effingeret
739 1121 809 1190 Nec
826 1116 891 1187 alia
909 1117 950 1188 de
965 1135 1064 1188 causa
1081 1117 1214 1188 videtur
1229 1145 1269 1190 eo
1290 1121 1359 1207 die,
1377 1147 1445 1214 quo

410 1241 529 1334 periit,
553 1237 763 1334 pervigilium
785 1236 961 1324 indixisse,
980 1261 1080 1330 quam
1106 1252 1144 1307 ut
1167 1239 1300 1308 initium
1321 1241 1358 1308 in
1374 1265 1445 1308 sce-

410 1384 488 1431 nam
506 1355 691 1453 prodeundi
709 1356 843 1428 licentia
861 1358 1019 1452 temporis
1036 1357 1274 1452 auspicaretur.
1295 1358 1445 1429 Saltabat

411 1493 523 1548 autem
551 1501 793 1571 nonuunquam
821 1479 920 1546 etiam
951 1491 1052 1546 noctu
1080 1501 1088 1545 ε
1118 1491 1153 1570 et
1184 1476 1352 1572 quondam
1378 1493 1446 1547 tres

417 1595 608 1668 consulares
629 1597 771 1666 secunda
791 1595 902 1691 vigilia
924 1597 959 1664 in
979 1593 1139 1690 palatium
1159 1598 1300 1684 accitos,
1327 1595 1449 1666 multa·

415 1742 480 1810 que
499 1731 533 1786 et
547 1731 699 1786 extrema
718 1731 923 1801 metuentes,
948 1739 1048 1809 super
1066 1715 1234 1810 pulpitum
1251 1714 1449 1804 collocavit;

412 1835 532 1904 deinde
560 1850 696 1930 repente
727 1859 849 1929 magno
880 1834 1037 1904 tibiarum
1066 1851 1101 1902 et
1128 1833 1347 1904 scabellorum
1375 1861 1449 1904 cre·

413 1955 506 2048 pitu,
525 1979 601 2023 cum
619 1953 706 2048 palla
724 1955 901 2046 tunicaque
922 1951 1017 2022 talari
1038 1950 1209 2045 prosiluit,
1228 1977 1267 2022 ac
1282 1952 1447 2024 desaltato

413 2075 543 2144 cantico
563 2073 654 2140 abiit.
676 2075 786 2164 Atque
810 2071 865 2139 hic
886 2085 955 2139 tam
978 2069 1095 2140 docilis
1115 2071 1158 2139 ad
1178 2086 1311 2163 cetera,
1333 2088 1451 2143 natare

417 2193 543 2260 nesciit.

462 2312 534 2380 LV.
554 2313 710 2400 Quorum
729 2334 806 2378 vero
825 2309 934 2379 studio
954 2323 1132 2396 teneretur,
1153 2310 1307 2380 omnibus
1327 2310 1371 2379 ad
1395 2311 1449 2378 in·

416 2429 540 2498 saniem
557 2428 648 2497 favit.
664 2431 865 2498 Mnesterem
884 2430 1123 2522 pantomimum
1139 2431 1238 2498 etiam
1253 2431 1341 2498 inter
1357 2453 1452 2524 spec·

415 2546 526 2616 tacula
551 2547 790 2616 osculabatur:
814 2572 851 2617 ac
876 2549 903 2616 si
928 2551 1002 2641 quis
1027 2547 1168 2620 saltante
1192 2574 1231 2619 eo
1251 2547 1303 2618 vel
1329 2547 1453 2619 leniter

416 2667 634 2761 obstreperet,
647 2667 776 2741 detrahi
790 2669 919 2762 jussum
934 2692 1035 2736 manu
1047 2693 1106 2737 sua
1120 2666 1316 2762 flagellabat.
1330 2671 1453 2762 Equiti

417 2810 556 2854 romano
591 2785 810 2855 tumultuanti
847 2810 905 2878 per
943 2788 1172 2856 centurionem
1209 2787 1455 2878 denunciavit,

417 2905 524 2974 abiret
544 2906 614 2973 sine
640 2931 735 2974 mora
757 2907 906 2993 Ostiam,
926 2905 1152 3000 perferretque
1176 2906 1219 2975 ad
1237 2905 1454 2977 Ptolemaeum

419 3047 530 3116 regem
548 3024 582 3090 in
601 3025 834 3112 Mauritaniam
858 3021 1026 3093 codicillos
1049 3049 1136 3094 suos.
1161 3025 1315 3113 Quorum
1338 3048 1457 3094 exem-

418 3139 512 3232 plum
527 3154 614 3208 erat:
628 3143 709 3228 «Εἰ,
725 3166 823 3234 quem
839 3143 923 3213 istuc
940 3143 1029 3230 misi,
1042 3167 1149 3236 ncque
1162 3143 1242 3212 boni
1255 3145 1457 3238 quicquam,

420 3282 527 3351 neque
545 3257 641 3348 mali,
663 3260 787 3329 leceris.
805 3291 821 3325 a
839 3263 980 3331 Threces
999 3262 1159 3356 quosdam
1182 3264 1359 3332 Germanis
1376 3289 1459 3333 cor·

315 3421 317 3426 2
419 3378 510 3472 poris
539 3379 734 3450 custodibus
768 3381 955 3475 preposuit.
987 3379 1232 3451 Mirmillonum
1265 3397 1458 3452 armaturas

419 3497 546 3566 recidit.
574 3497 737 3569 Columbo
763 3502 899 3588 victori,
923 3499 1039 3570 leviter
1063 3516 1173 3570 tamen
1192 3503 1329 3588 saucio,
1353 3527 1461 3572 venc-

421 3640 501 3684 num
523 3617 558 3685 in
581 3618 711 3712 plagam
731 3619 878 3707 addidit,
904 3620 994 3714 quod
1017 3646 1055 3690 ex
1079 3646 1118 3690 eo
1141 3621 1374 3692 Columbirmm
1395 3647 1459 3716 ap-

420 3733 563 3827 pellavit.
581 3739 633 3805 Sic
650 3753 738 3806 certe
758 3740 844 3807 inter
864 3737 927 3807 alia
950 3764 1078 3807 venena
1100 3743 1260 3835 scriptum
1278 3742 1382 3810 abeo
1404 3767 1462 3810 re·

420 3868 552 3946 pertum
570 3871 628 3924 est.
644 3859 787 3926 Prasinae
805 3857 940 3927 factioni
957 3860 1003 3928 ita
1020 3858 1170 3929 addictus
1191 3875 1224 3928 et
1241 3859 1398 3951 dedituS‚
1417 3877 1461 3930 ut

420 3992 565 4076 coenaret
588 3979 623 4046 in
643 3977 773 4047 stabulo
794 3979 943 4066 assidue,
964 3995 997 4048 et
1023 3996 1179 4051 maneret.
1201 3984 1369 4077 Agitatori
1389 3987 1464 4052 Eu-

421 4094 519 4186 tycho
533 4098 796 4166 commissatione
814 4097 957 4190 quadam
977 4099 1010 4166 in
1030 4101 1246 4195 apophoretis
1265 4103 1372 4171 vicies
1391 4127 1465 4172 ses·
