3098 5446
388 511 392 520 ’
449 531 506 590 see
851 527 1074 586 csumonu

448 655 617 728 miutatus.
639 655 686 722 Ut
723 649 765 720 ad
800 649 1036 732 deverticulum
1072 664 1206 720 venurm
1241 665 1306 740 est,
1329 651 1444 723 dimissis

447 775 541 870 equis
562 776 646 845 inter
666 771 818 844 fruticeta
834 795 873 842 ac
894 795 1024 866 vepres,
1042 795 1101 866 per
1117 769 1304 842 arundineti
1318 773 1442 843 semitam

448 920 549 992 egre,
575 917 636 964 neo
664 893 726 962 nisi
753 905 856 964 strata
880 891 941 960 sub
962 889 1233 984 pedibus-reste,
1255 889 1297 960 ad
1320 916 1446 962 aeneum

449 1013 534 1084 ville
556 1014 714 1107 parietem
733 1012 845 1082 evasit.
865 1011 916 1082 Ibi
935 1009 1089 1080 hortante
1110 1008 1224 1080 eod·-
1247 1007 1402 1107 Phaonte,
1416 1028 1448 1082 ut

449 1135 581 1204 interim
605 1133 640 1202 in
662 1155 797 1228 specum
806 1144 937 1227 ,egeste
957 1153 1063 1202 arene
1086 1129 1299 1219 concederet,
1323 1133 1448 1228 negarit,

448 1283 465 1318 u
476 1277 512 1324 se
530 1253 642 1324 vivum
656 1251 718 1324 sub
738 1265 860 1322 terram
877 1251 1002 1322 iturum
1021 1273 1112 1322 :sac
1130 1275 1308 1346 parumper
1328 1275 1450 1322 commo

449 1389 560 1466 ratus,
577 1373 658 1444 dum
678 1371 899 1446 clandestinus
916 1371 959 1442 ad
978 1369 1090 1442 villam
1107 1372 1261 1442 introitus
1285 1385 1449 1466 pareretur,

449 1517 570 1588 aquam
597 1517 638 1564 ex
666 1491 812 1588 subjecta
839 1490 955 1562 lacuna
983 1505 1122 1588 poturus
1148 1515 1249 1562 manu
1278 1492 1395 1580 bausit3
1413 1506 1452 1574 ct,

449 1616 553 1682 «Haec
572 1627 664 1699 est,s
682 1611 804 1705 inquit,
823 1610 994 1682 «Neronis
1016 1609 1194 1680 decoctu.»
1218 1609 1321 1697 Dein,
1345 1607 1454 1690 divulsa

451 1735 599 1804 sentibus
631 1731 775 1828 penula,
803 1731 957 1825 trajectos
982 1728 1132 1802 tumulos
1156 1732 1236 1800 rasit
1265 1757 1273 1798 ε
1299 1744 1392 1824 atque
1417 1730 1454 1797 ita

450 1854 639 1950 quadnrper
662 1877 723 1948 per
745 1853 912 1948 angustias
939 1850 1064 1920 effoesae
1085 1873 1231 1920 cerame
1260 1865 1401 1948 receptus
1427 1849 1455 1915 in

451 1975 636 2070 proximam
653 1971 784 2061 ceilam,
808 1971 964 2042 decubuit
984 1993 1083 2066 super
1103 1971 1242 2056 lectum,
1260 1969 1385 2040 modica
1399 1968 1456 2038 cul·

450 2093 535 2180 cita,
554 2107 663 2163 vetere
687 2091 915 2186 palliostreto
933 2093 1138 2162 instructum.
1154 2095 1320 2185 Fameque
1342 2091 1457 2160 interim

450 2227 485 2282 et
503 2213 557 2282 siti
582 2209 828 2305 interpellante,
846 2234 964 2304 panem
986 2209 1117 2304 quidem
1135 2209 1306 2282 sordidum
1328 2208 1459 2280 oblatum

451 2347 643 2428 aspernatus
657 2345 726 2418 est,
743 2354 836 2423 aque
851 2345 962 2399 autem
968 2327 1094 2426 'tepide
1107 2328 1314 2424 abquantum
1333 2329 1419 2398 bibit.

499 2454 622 2522 XLIX.
639 2453 734 2520 Tunc
747 2463 947 2544 unoquoque
964 2451 1041 2520 hinc
1061 2447 1136 2518 inde
1152 2450 1310 2536 instante,
1328 2465 1461 2542 utquam

452 2573 596 2667 primum
610 2595 646 2640 se
662 2569 927 2664 impendentibus
943 2567 1146 2640 contumeliis
1158 2570 1316 2664 eripeet,
1330 2569 1464 2639 scrobem

451 2715 563 2763 coram
581 2689 650 2760 fieri
670 2691 858 2785 imperavit,
877 2686 1043 2760 dimensus
1063 2687 1106 2758 ad
1122 2691 1272 2784 corporis
1290 2693 1340 2760 sui
1362 2687 1464 2758 modu·

450 2810 519 2882 lum
532 2811 773 2904 :componique
788 2805 902 2896 simul,
913 2809 939 2878 si
951 2831 1017 2900 qua
1028 2808 1265 2896 invenirentur,
1276 2809 1382 2878 frusta
1394 2830 1466 2875 mar

453 2930 571 3018 moris,
587 2944 621 2998 et
636 2900 757 3020 aqudm
780 2925 876 2998 simul
894 2951 933 2997 ac
950 2924 1038 3022 ligna
1054 2927 1215 3014 conferri,
1236 2927 1385 2999 curando
1403 2949 1468 2994 mor

452 3047 619 3136 cadaveri,
636 3047 717 3116 flens
737 3046 780 3116 ad
801 3045 951 3142 singula,
969 3061 1068 3142 atque
1089 3047 1266 3118 identidem
1297 3049 1470 3118 dictitans:

455 3165 602 3257 «Qualis
620 3166 737 3236 artifex
753 3191 852 3260 pereo
863 3161 901 3234 is
919 3167 1009 3236 luter
1026 3190 1135 3236 moras
1148 3165 1294 3261 perlatos
1312 3193 1333 3238 a
1352 3189 1475 3237 cursore

454 3285 611 3356 Phaontis
626 3283 794 3354 codicillos
807 3285 992 3378 preripuit,
1009 3283 1166 3380 legitque,
1184 3315 1201 3350 u
1211 3311 1245 3356 se
1258 3287 1392 3356 hostem
1404 3309 1422 3353 a
1434 3307 1475 3351 se·

453 3419 533 3476 natu
543 3403 745 3499 judicatum,
760 3419 794 3472 et
805 3405 923 3498 queri,
938 3419 978 3474 ut
989 3406 1249 3500 puniaturmore
1270 3408 1437 3500 majorum
1449 3429 1478 3469 :r

454 3519 751 3620 interrogavitque,
771 3522 868 3618 quale
885 3523 920 3592 id
941 3549 1045 3619 genus
1066 3539 1150 3595 meet
1176 3551 1295 3619 poeute.
1317 3529 1365 3596 Et
1386 3546 1481 3619 quum

452 3646 683 3739 comperisset,
693 3641 775 3713 nudi
788 3644 931 3714 bominis
941 3647 1098 3714 cervicem
1117 3645 1218 3714 inseri
1231 3645 1357 3733 furcae,
1371 3666 1483 3736 eorpus

454 3765 554 3858 virgis
569 3761 611 3832 ed
624 3747 744 3834 'necem
757 3762 857 3844 oedi;
874 3765 1088 3848 conterritus,
1103 3763 1186 3834 duos
1203 3767 1392 3860 pugiones,
1411 3786 1487 3857 quos

455 3907 564 3953 secum
593 3882 770 3972 extulerat,
797 3883 953 3976 arripuit,
979 3897 1167 3977 tentataque
1194 3886 1380 3982 utriusque
1407 3883 1488 3964 acie,

455 4027 568 4074 rursus
586 4002 753 4091 condidit,
773 4016 939 4090 causatus,
954 4031 970 4065 α
984 4003 1130 4074 nondum
1145 4003 1257 4074 adesse
1272 4005 1415 4076 fatalem
1436 4005 1490 4070 ho-

457 4146 568 4192 ram.»
592 4126 638 4192 dc
660 4123 758 4192 modo
780 4125 923 4217 Sporum
951 4125 1156 4220 hortabatur,
1180 4139 1216 4194 ut
1240 4125 1431 4197 lamentari
1459 4149 1493 4192 ac
