3114 5446
429 505 482 578 176
809 509 858 562 .G.
879 508 1053 564 SUETONII
1086 587 1090 594 ¹

428 631 608 717 invitatus,
635 655 733 725 super
761 629 918 725 templum
947 631 1025 700 Divi
1051 632 1190 724 Augusti
1218 645 1318 724 ponte
1346 644 1448 700 trans-

426 751 549 838 misso,
572 747 733 820 Palatium
764 747 1028 842 Capitoliumque
1053 748 1233 841 conjunxit.
1258 751 1361 834 Mox,
1385 773 1448 842 quo

425 870 561 963 propior
583 882 686 956 esset,
707 870 741 936 in
763 893 840 938 area
869 867 1051 962 capitolina
1075 893 1168 936 novae
1193 867 1312 936 domus
1332 869 1448 937 funda·

424 1003 534 1057 menta
549 989 638 1081 jecit
1307 997 1310 1002 “

471 1109 596 1176 XXIII.
615 1107 769 1201 Agrippae
783 1132 819 1176 se
837 1121 992 1200 nepotem
1008 1129 1115 1199 neque
1133 1101 1241 1194 credi,
1261 1130 1369 1200 neque
1385 1107 1448 1174 dici

422 1226 465 1294 ob
491 1225 728 1320 ignobilitatem
751 1227 820 1319 ejus
845 1225 1003 1294 volebat:
1024 1225 1326 1319 succensebatque,
1346 1226 1446 1318 siqui

421 1343 473 1414 vel
498 1345 670 1428 oratione,
693 1339 744 1414 vel
767 1347 935 1428 carmine,
958 1344 1155 1438 imaginibus
1181 1369 1257 1412 eum
1281 1347 1444 1414 Caesarum

421 1464 611 1532 insererent.
626 1463 829 1532 praedicabat
844 1477 971 1550 autem,
988 1478 1125 1534 matrem
1142 1487 1236 1531 suam
1250 1487 1290 1532 ex
1306 1465 1445 1556 incesto,

384 1607 388 1626 ’
420 1581 510 1676 qnod
527 1584 696 1676 Augustus
717 1605 793 1651 curn
813 1579 900 1650 Iulia
919 1580 987 1650 filia
1005 1581 1208 1668 admisisset,
1228 1596 1444 1676 procreatam.

419 1704 469 1772 Ac
494 1725 562 1769 non
588 1714 763 1770 contentus
789 1697 852 1768 hac
876 1700 1017 1794 Augusti
1050 1700 1285 1786 insectatione,
1309 1702 1445 1770 actiacas

419 1816 605 1912 siculasque
630 1819 808 1904 victorias,
837 1833 874 1886 ut
900 1817 1044 1887 funestas
1076 1817 1200 1914 populo
1231 1844 1391 1908 romano,
1415 1837 1446 1889 et

418 1935 644 2024 calamitosas,
662 1938 767 2006 vetuit
789 1935 993 2004 sollennibus
1012 1935 1101 2006 seriis
1125 1935 1295 2006 celebrari.
1314 1940 1443 2006 liviam

418 2051 600 2148 Augustam
627 2056 816 2148 proaviam,
839 2055 980 2147 Ulynem
1003 2055 1160 2124 stolatum
1184 2055 1361 2124 identidem
1387 2081 1443 2150 ap·

417 2170 558 2265 pellans,
573 2174 672 2241 etiam
688 2171 903 2266 ignobilitatis
918 2172 1061 2264 quadam
1077 2173 1119 2240 ad
1134 2188 1284 2242 senatum
1305 2173 1443 2267 epistola

417 2315 554 2386 arguere
573 2317 669 2362 ausus
698 2305 767 2378 est,
790 2292 883 2383 quasi
911 2306 1060 2360 materno
1084 2315 1147 2360 avo
1167 2291 1344 2364 decurione
1368 2295 1444 2362 sun-

417 2409 504 2478 dano
527 2426 656 2499 ortam;
681 2433 784 2504 quum
811 2407 951 2502 publicis
975 2412 1197 2480 monumentis
1225 2427 1352 2480 certum
1379 2415 1445 2497 sit,

416 2529 585 2598 Aufidium
609 2533 797 2600 Lurconem
820 2531 935 2598 Romae
960 2528 1139 2598 honoribus
1164 2529 1324 2600 functum.
1351 2535 1443 2602 Aviae

416 2647 568 2716 Antonin
585 2662 747 2717 secretum
768 2649 892 2742 petenti
913 2645 1104 2741 denegavit,
1127 2649 1189 2718 nisi
1207 2664 1243 2718 ut
1263 2651 1445 2720 interveni-

415 2782 468 2834 ret
484 2769 600 2836 Macro
618 2766 803 2860 praefectus.
826 2769 877 2836 Ac
895 2791 954 2859 per
973 2766 1157 2836 istiusmodi
1176 2767 1388 2862 indignitates
1411 2787 1446 2840 et

416 2885 512 2954 taedia
528 2911 626 2954 causa
641 2885 764 2954 exstitit
780 2885 913 2972 mortis;
929 2883 1006 2952 dato
1023 2900 1153 2972 tamen,
1172 2901 1208 2956 ut
1225 2887 1360 2982 quidam
1379 2915 1445 2984 pn·

415 3019 507 3088 tant,
524 3020 557 3072 et
575 3029 710 3074 veneno.
727 3007 798 3074 Nec
819 3003 979 3073 defuncte
998 3003 1102 3076 ullum
1124 3007 1283 3078 bonorem
1302 3010 1444 3098 habuit;

415 3125 647 3217 prospexitque
661 3148 680 3191 e
693 3122 836 3192 triclinio
852 3123 1022 3192 ardentem
1040 3149 1169 3220 rogum.
1186 3131 1333 3197 Fratrem
1344 3131 1447 3198 Tibe-

415 3242 501 3308 rium
521 3243 768 3335 inopinantem,
790 3256 925 3335 repente
945 3241 1089 3312 immisso
1115 3245 1249 3314 tribuno
1270 3245 1445 3336 militum,

415 3359 589 3428 interemit.
601 3359 749 3430 Silanum
766 3361 844 3428 item
857 3385 1004 3430 socerum
1015 3363 1057 3432 ad
1073 3389 1203 3450 necem,
1217 3369 1446 3465 secandasque

414 3477 573 3548 novacula
590 3479 721 3568 fauces,
739 3477 922 3572 compulit:
939 3497 1091 3550 causatus
1110 3485 1144 3552 in
1165 3500 1326 3580 utroque,
1348 3492 1446 3582 quod

413 3595 466 3674 bic
486 3598 668 3691 ingressum
686 3623 720 3666 se
741 3599 905 3666 turbatius
926 3624 1015 3668 mare
1035 3627 1103 3672 non
1121 3620 1204 3673 esset
1222 3623 1378 3698 secutus,
1405 3636 1449 3680 ac

412 3738 470 3807 spe
481 3717 662 3810 occupandi
677 3716 818 3804 Urbem,
835 3717 861 3784 si
879 3717 959 3809 quid
975 3719 1038 3786 sibi
1054 3747 1115 3814 per
1130 3737 1339 3818 tempestates
1355 3732 1448 3798 acci·

412 3833 519 3922 deret,
541 3838 767 3923 remansisset;
786 3833 841 3904 ille
859 3837 1046 3908 antidotum
1065 3841 1264 3934 oboluisset,
1286 3849 1383 3940 quasi
1402 3849 1450 3918 ad

413 3955 625 4047 praecavenda
645 3981 771 4026 venena
788 3981 847 4025 sua
863 3973 1007 4028 sumtum
1024 3985 1033 4028 :
1050 3985 1154 4054 quum
1174 3977 1207 4032 et
1226 3963 1357 4036 Silanus
1381 3970 1449 4037 im·

413 4071 602 4163 patientiam
624 4099 752 4146 nauseae
771 4075 905 4146 vitasset
924 4092 959 4146 et
977 4076 1161 4150 molestiam
1183 4084 1388 4178 navigandi,
1410 4104 1451 4156 et
