3098 5446
412 439 416 446 ’
505 453 721 535 sununs.
1102 475 1139 534 ss

97 617 198 671 status
216 616 276 670 est.
293 605 424 672 Rursus
438 601 672 696 interpellante
688 602 793 674 milite
812 629 850 674 ac
866 603 1011 698 populo,
1027 619 1079 693 et,
1099 630 1141 676 ue

96 722 263 809 deficeret,
286 721 460 810 hortante,
481 747 683 816 omnemque
713 747 848 817 operam
870 747 965 794 suam
985 726 1139 796 certatim

97 841 295 936 pollicente,
325 842 475 912 animum
498 844 678 929 resumam¹
692 844 921 938 Sabinumque
941 859 976 914 et
994 844 1142 939 reliquos

94 963 286 1051 Flavianos,
301 961 385 1032 nihil
397 963 468 1056 jam
484 977 684 1052 metuentes,
702 966 734 1032 vi
752 965 864 1036 subite
883 966 918 1034 iu
935 963 1141 1059 Capitolium

99 1082 282 1179 compulit,
319 1107 545 1178 succensoque
570 1083 695 1178 templo
723 1086 815 1156 lovis
844 1086 975 1182 Optimi
1004 1088 1143 1156 Maximi

97 1207 290 1301 oppressit;
317 1230 422 1300 quum
451 1220 485 1274 et
513 1204 684 1300 praelium,
710 1222 746 1276 et
775 1207 967 1278 incendium
992 1232 1012 1277 e
1042 1209 1144 1278 Tibe-

95 1329 188 1398 riana
217 1327 424 1421 prospiceret
449 1325 550 1396 domo
577 1329 664 1397 inter
688 1326 812 1421 epulas.
838 1329 918 1400 Non
938 1326 1046 1398 multo
1067 1344 1146 1422 post

95 1449 259 1541 poenitens
288 1447 384 1535 facti,
411 1462 445 1518 et
475 1450 509 1517 in
531 1446 614 1518 alios
637 1446 771 1542 culpam
799 1448 996 1534 conferens,
1025 1465 1144 1520 vocata

94 1569 257 1638 concione
274 1553 415 1663 juravit,
445 1571 624 1665 coegitque
639 1570 754 1662 jurare
773 1583 916 1655 ceteros,
944 1598 962 1633 a
975 1567 1059 1638 nihil
1081 1569 1144 1640 sihi

94 1691 267 1783 antiquius
288 1689 402 1784 quiete
419 1687 554 1784 publica
581 1689 663 1759 iore.
682 1718 699 1755 o
718 1693 813 1758 Tunc
831 1687 978 1760 solutum
999 1714 1019 1761 a
1042 1689 1145 1762 latere

98 1811 298 1905 pugionem,
312 1809 440 1880 consuli
457 1811 621 1905 primum,
635 1809 771 1896 deinde,
790 1808 848 1878 illo
866 1825 1057 1894 recusante,
1075 1835 1145 1880 ma·

95 1929 314 2024 gistratibus‚
336 1956 375 2000 ac
389 1955 465 2000 mox
480 1930 689 2000 senatoribus
702 1928 842 2024 singulis
854 1931 1040 2024 porrigens,
1051 1927 1144 2000 nullo
1171 1954 1173 1962 ’

96 2051 296 2146 recipiente,
310 2035 405 2144 guasi
422 2052 459 2118 in
478 2051 547 2119 aede
563 2050 762 2124 Concordiae
777 2051 962 2143 positurus,
974 2051 1143 2122 abscessit.

97 2172 162 2242 Sed
194 2172 396 2266 quibusdam
426 2171 702 2255 acclamantibus,
726 2199 744 2236 n
759 2173 868 2267 ipsum
892 2197 963 2242 esse
991 2175 1143 2244 Concor-

96 2291 201 2383 diam,
217 2323 235 2360 u
249 2293 371 2363 rediit:
388 2317 452 2362 nec
467 2289 575 2361 solum
590 2293 737 2362 retinere
752 2317 788 2361 se
802 2291 931 2364 serrum
948 2292 1142 2379 affirmavit,

96 2442 211 2488 verum
231 2416 332 2485 etiam
352 2412 548 2486 Concordia
567 2413 717 2506 recipere
731 2436 930 2507 cognomen.

143 2541 240 2610 va.
265 2537 444 2629 Suasitque
468 2536 614 2621 senatui,
634 2542 672 2603 ut
698 2532 823 2626 legatos
846 2559 924 2603 eum
957 2535 1144 2629 virginibus

95 2657 277 2728 vestalibus
293 2656 484 2742 mitterent,
504 2679 635 2748 pacem,
652 2668 711 2723 aut
730 2667 821 2724 certe
845 2668 977 2749 tempus
996 2654 1039 2724 ad
1060 2681 1143 2724 con-

96 2777 309 2862 sultandum,
324 2777 497 2871 petituros,
508 2773 673 2845 Postridie
686 2799 843 2868 responsa
854 2775 1039 2868 opperienti
1056 2799 1145 2846 nnn·

97 2901 222 2970 ciatum
248 2913 299 2966 est
326 2923 386 2992 per
413 2895 680 2991 exploratorem,
704 2895 833 2964 hostem
863 2896 1143 2990 appropinquare.

98 3020 271 3090 Continuo
291 3019 396 3114 igitur
412 3018 586 3104 abstrusus
603 3017 784 3112 gestatoria
804 3013 899 3101 sella,
920 3015 1051 3086 duobus
1067 3014 1145 3086 solis

96 3140 294 3226 comitibus,
321 3139 447 3233 pistore
473 3151 506 3206 et
528 3161 654 3230 coquo,
686 3139 891 3230 Aventinum
913 3151 947 3208 et
970 3151 1145 3231 paternam
1213 3164 1215 3168 ·

95 3260 233 3330 domum
259 3256 353 3328 clam'
375 3257 498 3352 petiit,
518 3273 557 3328 ut
582 3256 658 3326 inde
687 3259 721 3328 in
753 3258 971 3352 Campaniam
1003 3257 1143 3352 fugeret.

95 3383 194 3468 Mox,
212 3379 278 3450 levi
304 3404 441 3450 rumore
470 3393 504 3448 et
521 3380 669 3464 incerto,
698 3393 856 3471 tanquam
881 3403 947 3472 pax
968 3380 1145 3472 impetrata

95 3519 196 3588 meet,
217 3500 335 3570 referri
353 3525 387 3569 se
413 3501 448 3570 in
469 3497 635 3570 Palatium
660 3525 776 3594 passus
793 3515 843 3570 est
861 3525 869 3568 ε
886 3499 944 3568 ubi
963 3523 1066 3592 quum
1086 3497 1145 3567 de-

96 3637 182 3691 serta
215 3622 330 3690 omnia
359 3621 556 3714 reperisset,
578 3617 804 3690 dilabentibus
823 3620 943 3703 etiam,
964 3621 1022 3712 qui
1047 3617 1144 3688 simul

95 3757 206 3829 erant,
236 3766 321 3810 zona
339 3766 374 3811 se
393 3765 572 3810 aureorum
601 3738 698 3833 plena
724 3739 959 3824 circumdedit;
978 3737 1146 3833 confugit·

95 3885 162 3954 que
189 3863 223 3930 in
253 3859 409 3930 cellulam
436 3861 605 3951 janitoris,
635 3858 775 3955 religato
803 3885 864 3954 pro
890 3833 1018 3928 loribus
1041 3883 1144 3945 cane,

94 3981 250 4078 lectoque
269 3997 303 4052 et
321 3980 444 4051 culcita
463 3981 611 4074 objectis.

150 4107 258 4173 XVII.
284 4106 479 4196 Irruperant
498 4102 567 4196 jam
593 4104 735 4197 agminis
760 4117 999 4188 antecessores,
1022 4125 1061 4168 ae
1086 4125 1144 4168 ne·

967 4217 996 4288 3.
