3098 5446
584 542 693 598 NERO.
809 603 811 610 Α
1089 547 1145 622 269

16 669 18 674 '
125 664 275 761 plangere
286 667 445 763 inciperet
457 693 464 734 ι
476 663 574 736 modo
588 666 714 751 orabat,
724 677 760 733 ut
773 689 807 734 se
819 664 937 759 aliquis
950 667 991 736 ad
1005 657 1143 740 mortem

124 783 352 878 capessendam
366 783 515 880 exemplo
526 786 656 880 juvaret
670 810 678 854 :
693 784 857 856 interdum
868 787 1039 879 segnitiem
1051 813 1144 858 suam

123 904 169 972 bis
193 903 303 972 verbis
325 904 540 1000 increpabat:
562 905 680 974 «Vivo
705 903 894 973 deformiter
914 929 953 974 ac
975 907 1143 1002 turpiter:

122 1021 155 1093 ιι)
177 1015 279 1110 xpina
302 1015 437 1114 Νὲρωιι,
458 1022 490 1094 oti
515 1016 629 1114 πρὲπει·
650 1018 753 1112 νήφειν
772 1027 823 1094 Set·
846 1022 878 1094 ἓν
903 1036 964 1103 τοῖς
990 1017 1144 1106 rescissae·

123 1139 178 1224 atys
196 1135 299 1232 ἔγειρε
320 1137 487 1216 craecia.»
504 1146 642 1236 Jamque
665 1145 792 1236 equites
814 1145 1144 1238 appropinquabunt,

122 1264 237 1356 quibus
248 1278 447 1366 praeceptum
457 1277 546 1351 erat,
557 1279 595 1332 ut
607 1263 720 1332 virum
731 1287 807 1332 eum
817 1264 1030 1334 attraherent.
1044 1265 1145 1355 Quod

121 1398 156 1452 ut
166 1384 289 1466 sensit,
305 1382 508 1476 trepidanter
523 1381 663 1471 effatus,

252 1563 336 1626 leuet
354 1579 379 1642 μ’
396 1569 528 1626 ὠκυπόδων
549 1571 612 1642 ἀμφὶ
626 1575 716 1632 κτύπος
732 1575 809 1626 οὔατα
824 1573 921 1637 battua,

120 1729 241 1797 lenum
263 1713 381 1820 jugulo
408 1725 539 1820 adegit,
559 1725 695 1818 juvante
720 1723 949 1819 Epaphrodito
970 1749 989 1794 a
1015 1726 1142 1798 libellis.

119 1846 391 1938 Semianimisque
406 1843 514 1914 adhuc
530 1844 726 1938 irrumpenti
741 1843 944 1924 centurioni,
955 1859 1003 1931 et,
1016 1845 1145 1940 penula

118 1965 294 2036 aad-vulnus
313 1964 479 2059 apposita,
489 1963 523 2032 in
534 1961 692 2034 auxilium
700 1965 871 2032 sevenisse
884 1962 1065 2052 simulanti,
1078 1989 1145 2034 non

119 2085 207 2156 aliud
220 2063 408 2179 respondit,
424 2107 524 2177 quam
538 2085 688 2166 «Serum
704 2096 752 2171 et,
768 2085 871 2152 «uec
889 2096 937 2150 est
954 2080 1049 2154 lidesl
1060 2113 1077 2148 a
1093 2089 1147 2154 At·

118 2229 179 2297 que
199 2207 234 2272 in
253 2227 292 2272 ea
310 2226 389 2272 voce
405 2201 543 2287 defecit,
560 2201 763 2270 exstantibus
774 2199 1023 2296 rigentibusque
1041 2201 1146 2272 oculis

118 2349 221 2418 nsque
230 2323 275 2392 ad
285 2324 457 2396 horrorem
467 2319 741 2413 formidinemque
752 2317 938 2390 visentium.
950 2320 1044 2392 Nibil
1054 2324 1145 2416 prius

116 2459 172 2512 aut
193 2443 301 2538 magis
319 2467 339 2512 a
356 2441 531 2510 comitibus
547 2453 717 2534 exegerat,
736 2463 835 2532 quam
854 2463 895 2508 ne
916 2453 1058 2533 potestas
1077 2445 1146 2512 cui·

114 2587 214 2656 quam
239 2563 358 2656 capitis
379 2562 431 2632 sui
455 2559 570 2648 fiereta
597 2560 655 2630 sed
678 2575 734 2648 ut,
758 2583 893 2653 quoquo
916 2559 1031 2648 modo,
1055 2576 1144 2631 totns

115 2696 330 2752 cremaretur.
349 2681 501 2750 Pennisit
525 2680 590 2749 boc
609 2677 735 2765 Icelus,
757 2677 873 2748 Galbae
898 2677 1056 2764 libertus,
1076 2705 1144 2750 non

117 2800 221 2872 multo
248 2816 326 2870 ante
350 2797 489 2870 vinculis
510 2797 697 2883 exsolutus,
719 2799 753 2866 in
774 2821 847 2890 quae
870 2799 978 2891 primo
1001 2798 1145 2870 tumultu

116 2924 283 3017 conjectus
299 2920 415 2990 fuerat.
961 2927 965 2935 '

161 3046 200 3112 L
223 3045 407 3110 Funeratus
421 3055 471 3108 est
489 3041 637 3134 impensa
653 3039 873 3108 ducentorum
890 3037 1048 3127 millium,
1065 3055 1145 3110 stra-

115 3160 201 3255 gulis
222 3159 307 3230 albis
324 3183 407 3228 auro
427 3161 578 3244 intextis,
595 3158 715 3252 quibus
738 3181 816 3228 rasus
837 3157 986 3227 kalendis
1001 3160 1145 3252 januarii

114 3280 232 3349 luerat.
243 3278 413 3372 Reliquias
430 3277 553 3373 Ecloge
568 3293 601 3348 et
616 3277 800 3347 Alexandra
810 3279 954 3348 nutrices
969 3303 1046 3348 cum
1065 3283 1146 3350 Acte

114 3399 302 3469 concubina
314 3397 429 3493 gentili
444 3399 666 3468 Domitiorum
683 3413 896 3466 monumento
910 3397 1145 3486 condiderunt,

112 3517 203 3613 quod
225 3497 427 3613 prospicitur
442 3542 461 3586 e
474 3541 591 3612 campo
610 3518 748 3604 Martio,
768 3519 958 3612 impositum
975 3516 1051 3586 oolli
1071 3518 1146 3586 hor-

113 3653 238 3706 torum.
256 3639 297 3704 In
321 3661 360 3704 eo
385 3651 600 3706 monumento
623 3633 740 3706 solium
761 3637 986 3730 Porphyretici
1005 3659 1146 3704 marmo-

112 3759 180 3846 ris,
202 3770 410 3850 superstante
428 3757 580 3848 aLunensi
598 3757 942 3848 ara‚‚circumseptum
960 3770 1008 3823 est
1038 3753 1146 3848 lapide

110 3876 246 3947 lbasio.

160 3999 218 4066 Ll.
237 3999 370 4066 Statura
385 3996 448 4066 fuit
465 4021 567 4091 prope
577 3999 684 4090 justa,
699 4022 838 4092 corpore
849 3994 1016 4066 maculoso
1035 4009 1067 4064 et
1088 3995 1145 4064 loe·

112 4115 208 4202 titlo;
227 4113 366 4185 sufflavo
389 4114 525 4209 capillo,
549 4116 642 4186 vultu
665 4116 803 4211 pulchro
826 4115 948 4209 magis,
968 4139 1066 4208 quam
1091 4139 1146 4184 ve-
