<?xml version="1.0" encoding="UTF-8"?>
<!DOCTYPE html PUBLIC "-//W3C//DTD XHTML 1.0 Transitional//EN"
    "http://www.w3.org/TR/xhtml1/DTD/xhtml1-transitional.dtd">
<html xmlns="http://www.w3.org/1999/xhtml" xml:lang="en" lang="en">
 <head>
  <title>
</title>
<meta http-equiv="Content-Type" content="text/html;charset=utf-8" />
  <meta name='ocr-system' content='tesseract 3.04.00' />
  <meta name='ocr-capabilities' content='ocr_page ocr_carea ocr_par ocr_line ocrx_word'/>
</head>
<body>
  <div class='ocr_page' id='page_1' title='image "./caiisuetonitran00grosgoog_0180.png"; bbox 0 0 3108 5434; ppageno 0'>
   <div class='ocr_carea' id='block_1_1' title="bbox 511 554 1116 613">
    <p class='ocr_par' dir='ltr' id='par_1_1' title="bbox 511 554 1116 613">
     <span class='ocr_line' id='line_1_1' title="bbox 511 554 1116 613; baseline 0.002 -2"><span class='ocrx_word' id='word_1_1' title='bbox 511 557 692 613; x_wconf 79' lang='lat' dir='ltr'><strong>TIBERIUS.</strong></span> <span class='ocrx_word' id='word_1_2' title='bbox 1067 554 1116 612; x_wconf 78' lang='lat'><strong>151</strong></span> 
     </span>
    </p>
   </div>
   <div class='ocr_carea' id='block_1_2' title="bbox 101 671 1121 1014">
    <p class='ocr_par' dir='ltr' id='par_1_2' title="bbox 101 671 1121 1014">
     <span class='ocr_line' id='line_1_2' title="bbox 101 671 1121 776; baseline 0.003 -31"><span class='ocrx_word' id='word_1_3' title='bbox 101 677 379 772; x_wconf 79' lang='lat' dir='ltr'><strong>corrigendorum,</strong></span> <span class='ocrx_word' id='word_1_4' title='bbox 398 678 455 748; x_wconf 87' lang='lat' dir='ltr'><strong>sed</strong></span> <span class='ocrx_word' id='word_1_5' title='bbox 479 695 512 749; x_wconf 92' lang='lat' dir='ltr'><strong>et</strong></span> <span class='ocrx_word' id='word_1_6' title='bbox 535 683 638 776; x_wconf 83' lang='lat' dir='ltr'><strong>magis</strong></span> <span class='ocrx_word' id='word_1_7' title='bbox 658 695 783 749; x_wconf 78' lang='lat' dir='ltr'><strong>naturae</strong></span> <span class='ocrx_word' id='word_1_8' title='bbox 806 671 1056 774; x_wconf 83' lang='lat' dir='ltr'><strong>obtemperans,</strong></span> <span class='ocrx_word' id='word_1_9' title='bbox 1076 681 1121 748; x_wconf 86' lang='lat' dir='ltr'><strong>ita</strong></span> 
     </span>
     <span class='ocr_line' id='line_1_3' title="bbox 102 797 1120 890; baseline 0.002 -26"><span class='ocrx_word' id='word_1_10' title='bbox 102 822 172 866; x_wconf 80' lang='lat' dir='ltr'><strong>scre</strong></span> <span class='ocrx_word' id='word_1_11' title='bbox 192 811 225 866; x_wconf 89' lang='lat' dir='ltr'><strong>et</strong></span> <span class='ocrx_word' id='word_1_12' title='bbox 250 799 408 866; x_wconf 83' lang='lat' dir='ltr'><strong>atrociter</strong></span> <span class='ocrx_word' id='word_1_13' title='bbox 425 799 606 888; x_wconf 82' lang='lat' dir='ltr'><strong>factitavit,</strong></span> <span class='ocrx_word' id='word_1_14' title='bbox 624 815 662 867; x_wconf 91' lang='lat' dir='ltr'><strong>ut</strong></span> <span class='ocrx_word' id='word_1_15' title='bbox 682 798 835 868; x_wconf 88' lang='lat' dir='ltr'><strong>nonnulli</strong></span> <span class='ocrx_word' id='word_1_16' title='bbox 851 797 1020 867; x_wconf 84' lang='lat' dir='ltr'><strong>versiculis</strong></span> <span class='ocrx_word' id='word_1_17' title='bbox 1038 821 1120 890; x_wconf 88' lang='lat' dir='ltr'><strong>quo-</strong></span> 
     </span>
     <span class='ocr_line' id='line_1_4' title="bbox 101 919 1119 1014; baseline -0.003 -28"><span class='ocrx_word' id='word_1_18' title='bbox 101 942 155 1009; x_wconf 92' lang='lat' dir='ltr'><strong>que</strong></span> <span class='ocrx_word' id='word_1_19' title='bbox 171 932 201 986; x_wconf 90' lang='lat' dir='ltr'><strong>et</strong></span> <span class='ocrx_word' id='word_1_20' title='bbox 222 920 396 1010; x_wconf 79' lang='lat' dir='ltr'><strong>praesentia</strong></span> <span class='ocrx_word' id='word_1_21' title='bbox 417 920 674 1014; x_wconf 82' lang='lat' dir='ltr'><strong>exprobrarent,</strong></span> <span class='ocrx_word' id='word_1_22' title='bbox 697 936 730 988; x_wconf 89' lang='lat' dir='ltr'><strong>et</strong></span> <span class='ocrx_word' id='word_1_23' title='bbox 748 919 861 988; x_wconf 83' lang='lat' dir='ltr'><strong>futura</strong></span> <span class='ocrx_word' id='word_1_24' title='bbox 881 919 1119 987; x_wconf 89' lang='lat' dir='ltr'><strong>denunciarent</strong></span> 
     </span>
    </p>
   </div>
   <div class='ocr_carea' id='block_1_3' title="bbox 103 1034 191 1105">
    <p class='ocr_par' dir='ltr' id='par_1_3' title="bbox 103 1034 191 1105">
     <span class='ocr_line' id='line_1_5' title="bbox 103 1034 191 1105; baseline 0.011 -1"><span class='ocrx_word' id='word_1_25' title='bbox 103 1034 191 1105; x_wconf 86' lang='lat' dir='ltr'><strong>mala:</strong></span> 
     </span>
    </p>
   </div>
   <div class='ocr_carea' id='block_1_4' title="bbox 163 1229 980 2504">
    <p class='ocr_par' dir='ltr' id='par_1_4' title="bbox 163 1229 980 2504">
     <span class='ocr_line' id='line_1_6' title="bbox 166 1229 878 1300; baseline 0 -16"><span class='ocrx_word' id='word_1_26' title='bbox 166 1231 295 1300; x_wconf 75' lang='lat' dir='ltr'><strong>Asperat</strong></span> <span class='ocrx_word' id='word_1_27' title='bbox 312 1229 438 1299; x_wconf 86' lang='lat' dir='ltr'><strong>immitis,</strong></span> <span class='ocrx_word' id='word_1_28' title='bbox 456 1230 580 1286; x_wconf 83' lang='lat' dir='ltr'><strong>breviter</strong></span> <span class='ocrx_word' id='word_1_29' title='bbox 595 1232 638 1286; x_wconf 84' lang='lat' dir='ltr'><strong>vis</strong></span> <span class='ocrx_word' id='word_1_30' title='bbox 654 1231 748 1286; x_wconf 85' lang='lat' dir='ltr'><strong>omnin</strong></span> <span class='ocrx_word' id='word_1_31' title='bbox 766 1230 878 1286; x_wconf 79' lang='lat' dir='ltr'><strong>dicam?</strong></span> 
     </span>
     <span class='ocr_line' id='line_1_7' title="bbox 203 1319 798 1394; baseline 0.005 -21"><span class='ocrx_word' id='word_1_32' title='bbox 203 1319 385 1394; x_wconf 88' lang='lat' dir='ltr'><strong>Dispeream,</strong></span> <span class='ocrx_word' id='word_1_33' title='bbox 403 1323 427 1376; x_wconf 85' lang='lat' dir='ltr'><strong>si</strong></span> <span class='ocrx_word' id='word_1_34' title='bbox 441 1333 467 1376; x_wconf 90' lang='lat' dir='ltr'><strong>te</strong></span> <span class='ocrx_word' id='word_1_35' title='bbox 484 1332 573 1377; x_wconf 88' lang='lat' dir='ltr'><strong>mater</strong></span> <span class='ocrx_word' id='word_1_36' title='bbox 589 1341 682 1378; x_wconf 88' lang='lat' dir='ltr'><strong>amare</strong></span> <span class='ocrx_word' id='word_1_37' title='bbox 698 1333 798 1394; x_wconf 87' lang='lat' dir='ltr'><strong>potest.</strong></span> 
     </span>
     <span class='ocr_line' id='line_1_8' title="bbox 168 1413 980 1488; baseline -0.001 -20"><span class='ocrx_word' id='word_1_38' title='bbox 168 1413 231 1468; x_wconf 84' lang='lat' dir='ltr'><strong>Non</strong></span> <span class='ocrx_word' id='word_1_39' title='bbox 248 1432 277 1469; x_wconf 77' lang='lat' dir='ltr'><strong>as</strong></span> <span class='ocrx_word' id='word_1_40' title='bbox 292 1433 385 1488; x_wconf 75' lang='lat' dir='ltr'><strong>eques</strong></span> <span class='ocrx_word' id='word_1_41' title='bbox 402 1414 512 1484; x_wconf 75' lang='lat' dir='ltr'><strong>Quare?</strong></span> <span class='ocrx_word' id='word_1_42' title='bbox 529 1433 587 1470; x_wconf 90' lang='lat' dir='ltr'><strong>non</strong></span> <span class='ocrx_word' id='word_1_43' title='bbox 602 1415 733 1470; x_wconf 83' lang='lat' dir='ltr'><strong>sunttibi</strong></span> <span class='ocrx_word' id='word_1_44' title='bbox 749 1415 836 1470; x_wconf 89' lang='lat' dir='ltr'><strong>millia</strong></span> <span class='ocrx_word' id='word_1_45' title='bbox 850 1424 980 1470; x_wconf 80' lang='lat' dir='ltr'><strong>centum:</strong></span> 
     </span>
     <span class='ocr_line' id='line_1_9' title="bbox 203 1507 873 1580; baseline 0 -19"><span class='ocrx_word' id='word_1_46' title='bbox 203 1507 305 1561; x_wconf 85' lang='lat' dir='ltr'><strong>Omnia</strong></span> <span class='ocrx_word' id='word_1_47' title='bbox 322 1508 346 1562; x_wconf 88' lang='lat' dir='ltr'><strong>si</strong></span> <span class='ocrx_word' id='word_1_48' title='bbox 364 1526 485 1580; x_wconf 82' lang='lat' dir='ltr'><strong>qrraeras,</strong></span> <span class='ocrx_word' id='word_1_49' title='bbox 501 1519 529 1564; x_wconf 89' lang='lat' dir='ltr'><strong>et</strong></span> <span class='ocrx_word' id='word_1_50' title='bbox 545 1507 664 1564; x_wconf 81' lang='lat' dir='ltr'><strong>Rhodos</strong></span> <span class='ocrx_word' id='word_1_51' title='bbox 680 1507 809 1562; x_wconf 84' lang='lat' dir='ltr'>exsilium</span> <span class='ocrx_word' id='word_1_52' title='bbox 824 1517 873 1562; x_wconf 87' lang='lat' dir='ltr'><strong>est.</strong></span> 
     </span>
     <span class='ocr_line' id='line_1_10' title="bbox 168 1599 753 1668; baseline 0.005 -17"><span class='ocrx_word' id='word_1_53' title='bbox 168 1599 255 1653; x_wconf 78' lang='lat' dir='ltr'><strong>Aurea</strong></span> <span class='ocrx_word' id='word_1_54' title='bbox 271 1599 384 1655; x_wconf 86' lang='lat' dir='ltr'><strong>mutasti</strong></span> <span class='ocrx_word' id='word_1_55' title='bbox 399 1600 511 1656; x_wconf 82' lang='lat' dir='ltr'><strong>Saturni</strong></span> <span class='ocrx_word' id='word_1_56' title='bbox 524 1601 630 1668; x_wconf 85' lang='lat' dir='ltr'><strong>secula,</strong></span> <span class='ocrx_word' id='word_1_57' title='bbox 646 1599 753 1655; x_wconf 73' lang='lat' dir='ltr'><strong>Caesar:</strong></span> 
     </span>
     <span class='ocr_line' id='line_1_11' title="bbox 203 1689 802 1764; baseline 0.003 -22"><span class='ocrx_word' id='word_1_58' title='bbox 203 1689 342 1744; x_wconf 88' lang='lat' dir='ltr'><strong>Incolumi</strong></span> <span class='ocrx_word' id='word_1_59' title='bbox 358 1710 422 1745; x_wconf 84' lang='lat' dir='ltr'><strong>nam</strong></span> <span class='ocrx_word' id='word_1_60' title='bbox 438 1701 466 1746; x_wconf 89' lang='lat' dir='ltr'><strong>te</strong></span> <span class='ocrx_word' id='word_1_61' title='bbox 482 1691 570 1746; x_wconf 78' lang='lat' dir='ltr'><strong>ferrea</strong></span> <span class='ocrx_word' id='word_1_62' title='bbox 587 1711 698 1764; x_wconf 87' lang='lat' dir='ltr'><strong>semper</strong></span> <span class='ocrx_word' id='word_1_63' title='bbox 714 1702 802 1746; x_wconf 88' lang='lat' dir='ltr'><strong>erunt.</strong></span> 
     </span>
     <span class='ocr_line' id='line_1_12' title="bbox 166 1789 865 1866; baseline 0.004 -23"><span class='ocrx_word' id='word_1_64' title='bbox 166 1789 282 1844; x_wconf 74' lang='lat' dir='ltr'><strong>Fastidit</strong></span> <span class='ocrx_word' id='word_1_65' title='bbox 295 1791 407 1860; x_wconf 79' lang='lat' dir='ltr'><strong>vinum,</strong></span> <span class='ocrx_word' id='word_1_66' title='bbox 424 1793 488 1866; x_wconf 90' lang='lat' dir='ltr'><strong>quia</strong></span> <span class='ocrx_word' id='word_1_67' title='bbox 504 1791 562 1864; x_wconf 82' lang='lat' dir='ltr'><strong>jam</strong></span> <span class='ocrx_word' id='word_1_68' title='bbox 578 1793 635 1847; x_wconf 89' lang='lat' dir='ltr'><strong>sitit</strong></span> <span class='ocrx_word' id='word_1_69' title='bbox 651 1793 702 1848; x_wconf 90' lang='lat' dir='ltr'><strong>iste</strong></span> <span class='ocrx_word' id='word_1_70' title='bbox 719 1811 865 1848; x_wconf 87' lang='lat' dir='ltr'><strong>cruorem:</strong></span> 
     </span>
     <span class='ocr_line' id='line_1_13' title="bbox 203 1881 956 1956; baseline 0 -21"><span class='ocrx_word' id='word_1_71' title='bbox 203 1882 272 1936; x_wconf 87' lang='lat' dir='ltr'><strong>Tam</strong></span> <span class='ocrx_word' id='word_1_72' title='bbox 286 1881 358 1936; x_wconf 90' lang='lat' dir='ltr'><strong>bibit</strong></span> <span class='ocrx_word' id='word_1_73' title='bbox 376 1883 450 1938; x_wconf 90' lang='lat' dir='ltr'><strong>hunc</strong></span> <span class='ocrx_word' id='word_1_74' title='bbox 463 1884 557 1952; x_wconf 79' lang='lat' dir='ltr'><strong>avide,</strong></span> <span class='ocrx_word' id='word_1_75' title='bbox 573 1903 657 1956; x_wconf 71' lang='lat' dir='ltr'><strong>quam</strong></span> <span class='ocrx_word' id='word_1_76' title='bbox 673 1884 745 1939; x_wconf 84' lang='lat' dir='ltr'><strong>bibit</strong></span> <span class='ocrx_word' id='word_1_77' title='bbox 762 1895 826 1939; x_wconf 87' lang='lat' dir='ltr'><strong>ante</strong></span> <span class='ocrx_word' id='word_1_78' title='bbox 840 1901 956 1938; x_wconf 89' lang='lat' dir='ltr'><strong>merum.</strong></span> 
     </span>
     <span class='ocr_line' id='line_1_14' title="bbox 163 1972 926 2044; baseline 0 -18"><span class='ocrx_word' id='word_1_79' title='bbox 163 1972 263 2044; x_wconf 80' lang='lat' dir='ltr'><strong>Aspice</strong></span> <span class='ocrx_word' id='word_1_80' title='bbox 278 1972 386 2028; x_wconf 79' lang='lat' dir='ltr'><strong>felicem</strong></span> <span class='ocrx_word' id='word_1_81' title='bbox 405 1973 475 2042; x_wconf 87' lang='lat' dir='ltr'><strong>sibi,</strong></span> <span class='ocrx_word' id='word_1_82' title='bbox 493 1993 551 2028; x_wconf 91' lang='lat' dir='ltr'><strong>non</strong></span> <span class='ocrx_word' id='word_1_83' title='bbox 567 1975 638 2044; x_wconf 91' lang='lat' dir='ltr'><strong>tibi,</strong></span> <span class='ocrx_word' id='word_1_84' title='bbox 651 1977 785 2043; x_wconf 85' lang='lat' dir='ltr'><strong>Romule,</strong></span> <span class='ocrx_word' id='word_1_85' title='bbox 804 1975 926 2030; x_wconf 87' lang='lat' dir='ltr'><strong>Sullam:</strong></span> 
     </span>
     <span class='ocr_line' id='line_1_15' title="bbox 201 2064 854 2138; baseline 0.005 -22"><span class='ocrx_word' id='word_1_86' title='bbox 201 2064 234 2116; x_wconf 84' lang='lat' dir='ltr'><strong>Et</strong></span> <span class='ocrx_word' id='word_1_87' title='bbox 250 2064 386 2134; x_wconf 86' lang='lat' dir='ltr'><strong>Marium,</strong></span> <span class='ocrx_word' id='word_1_88' title='bbox 403 2065 427 2120; x_wconf 86' lang='lat' dir='ltr'><strong>si</strong></span> <span class='ocrx_word' id='word_1_89' title='bbox 443 2067 499 2133; x_wconf 87' lang='lat' dir='ltr'><strong>vis,</strong></span> <span class='ocrx_word' id='word_1_90' title='bbox 515 2067 623 2138; x_wconf 81' lang='lat' dir='ltr'><strong>aspice,</strong></span> <span class='ocrx_word' id='word_1_91' title='bbox 640 2067 690 2120; x_wconf 83' lang='lat' dir='ltr'><strong>sed</strong></span> <span class='ocrx_word' id='word_1_92' title='bbox 708 2068 854 2122; x_wconf 83' lang='lat' dir='ltr'><strong>reducem:</strong></span> 
     </span>
     <span class='ocr_line' id='line_1_16' title="bbox 164 2155 802 2228; baseline 0.009 -21"><span class='ocrx_word' id='word_1_93' title='bbox 164 2155 220 2208; x_wconf 81' lang='lat' dir='ltr'><strong>Nec</strong></span> <span class='ocrx_word' id='word_1_94' title='bbox 239 2172 299 2208; x_wconf 89' lang='lat' dir='ltr'><strong>non</strong></span> <span class='ocrx_word' id='word_1_95' title='bbox 313 2157 437 2224; x_wconf 78' lang='lat' dir='ltr'><strong>Antoni,</strong></span> <span class='ocrx_word' id='word_1_96' title='bbox 453 2155 546 2211; x_wconf 86' lang='lat' dir='ltr'><strong>civilia</strong></span> <span class='ocrx_word' id='word_1_97' title='bbox 563 2159 635 2212; x_wconf 90' lang='lat' dir='ltr'><strong>bella</strong></span> <span class='ocrx_word' id='word_1_98' title='bbox 648 2158 802 2228; x_wconf 81' lang='lat' dir='ltr'><strong>moventis,</strong></span> 
     </span>
     <span class='ocr_line' id='line_1_17' title="bbox 200 2245 815 2321; baseline 0.007 -23"><span class='ocrx_word' id='word_1_99' title='bbox 200 2245 258 2298; x_wconf 83' lang='lat' dir='ltr'><strong>Nec</strong></span> <span class='ocrx_word' id='word_1_100' title='bbox 270 2248 356 2302; x_wconf 84' lang='lat' dir='ltr'><strong>semel</strong></span> <span class='ocrx_word' id='word_1_101' title='bbox 373 2247 490 2304; x_wconf 75' lang='lat' dir='ltr'><strong>infectas</strong></span> <span class='ocrx_word' id='word_1_102' title='bbox 505 2249 598 2321; x_wconf 80' lang='lat' dir='ltr'><strong>aspice</strong></span> <span class='ocrx_word' id='word_1_103' title='bbox 614 2249 815 2304; x_wconf 73' lang='lat' dir='ltr'><strong>carlemanno:</strong></span> 
     </span>
     <span class='ocr_line' id='line_1_18' title="bbox 165 2334 904 2414; baseline 0.009 -27"><span class='ocrx_word' id='word_1_104' title='bbox 165 2334 199 2388; x_wconf 83' lang='lat' dir='ltr'><strong>Et</strong></span> <span class='ocrx_word' id='word_1_105' title='bbox 212 2335 273 2405; x_wconf 88' lang='lat' dir='ltr'><strong>dic,</strong></span> <span class='ocrx_word' id='word_1_106' title='bbox 285 2339 376 2392; x_wconf 85' lang='lat' dir='ltr'><strong>Roma</strong></span> <span class='ocrx_word' id='word_1_107' title='bbox 393 2340 466 2412; x_wconf 84' lang='lat' dir='ltr'><strong>perit</strong></span> <span class='ocrx_word' id='word_1_108' title='bbox 483 2341 633 2412; x_wconf 84' lang='lat' dir='ltr'><strong>:regnabit</strong></span> <span class='ocrx_word' id='word_1_109' title='bbox 649 2341 785 2414; x_wconf 83' lang='lat' dir='ltr'><strong>sanguine</strong></span> <span class='ocrx_word' id='word_1_110' title='bbox 802 2342 904 2406; x_wconf 87' lang='lat' dir='ltr'><strong>multo,</strong></span> 
     </span>
     <span class='ocr_line' id='line_1_19' title="bbox 201 2427 780 2504; baseline 0.003 -22"><span class='ocrx_word' id='word_1_111' title='bbox 201 2427 244 2482; x_wconf 80' lang='lat' dir='ltr'><strong>Ad</strong></span> <span class='ocrx_word' id='word_1_112' title='bbox 260 2445 378 2502; x_wconf 83' lang='lat' dir='ltr'><strong>regnum</strong></span> <span class='ocrx_word' id='word_1_113' title='bbox 392 2430 516 2504; x_wconf 83' lang='lat' dir='ltr'><strong>quisquis</strong></span> <span class='ocrx_word' id='word_1_114' title='bbox 530 2432 607 2486; x_wconf 87' lang='lat' dir='ltr'><strong>venit</strong></span> <span class='ocrx_word' id='word_1_115' title='bbox 622 2431 658 2485; x_wconf 88' lang='lat' dir='ltr'><strong>ab</strong></span> <span class='ocrx_word' id='word_1_116' title='bbox 674 2432 780 2486; x_wconf 80' lang='lat' dir='ltr'><strong>exsilio.</strong></span> 
     </span>
    </p>
   </div>
   <div class='ocr_carea' id='block_1_5' title="bbox 93 2587 1115 2684">
    <p class='ocr_par' dir='ltr' id='par_1_5' title="bbox 93 2587 1115 2684">
     <span class='ocr_line' id='line_1_20' title="bbox 93 2587 1115 2684; baseline 0.003 -31"><span class='ocrx_word' id='word_1_117' title='bbox 93 2587 168 2673; x_wconf 80' lang='lat' dir='ltr'><strong>Quae</strong></span> <span class='ocrx_word' id='word_1_118' title='bbox 180 2589 289 2679; x_wconf 88' lang='lat' dir='ltr'><strong>primo</strong></span> <span class='ocrx_word' id='word_1_119' title='bbox 299 2640 309 2675; x_wconf 96' lang='lat'><strong>,</strong></span> <span class='ocrx_word' id='word_1_120' title='bbox 321 2590 414 2682; x_wconf 85' lang='lat' dir='ltr'><strong>quasi</strong></span> <span class='ocrx_word' id='word_1_121' title='bbox 425 2591 467 2658; x_wconf 89' lang='lat' dir='ltr'><strong>ab</strong></span> <span class='ocrx_word' id='word_1_122' title='bbox 482 2591 728 2684; x_wconf 86' lang='lat' dir='ltr'><strong>impatientibus</strong></span> <span class='ocrx_word' id='word_1_123' title='bbox 741 2590 981 2674; x_wconf 87' lang='lat' dir='ltr'><strong>remediorum,</strong></span> <span class='ocrx_word' id='word_1_124' title='bbox 999 2613 1036 2656; x_wconf 92' lang='lat' dir='ltr'><strong>ac</strong></span> <span class='ocrx_word' id='word_1_125' title='bbox 1048 2614 1115 2658; x_wconf 89' lang='lat' dir='ltr'><strong>non</strong></span> 
     </span>
    </p>
   </div>
   <div class='ocr_carea' id='block_1_6' title="bbox 91 2707 1116 2920">
    <p class='ocr_par' dir='ltr' id='par_1_6' title="bbox 91 2707 1116 2920">
     <span class='ocr_line' id='line_1_21' title="bbox 93 2707 1116 2802; baseline 0.003 -31"><span class='ocrx_word' id='word_1_126' title='bbox 93 2717 153 2770; x_wconf 81' lang='lat' dir='ltr'><strong>tam</strong></span> <span class='ocrx_word' id='word_1_127' title='bbox 177 2729 215 2774; x_wconf 80' lang='lat' dir='ltr'><strong>ex</strong></span> <span class='ocrx_word' id='word_1_128' title='bbox 236 2707 338 2775; x_wconf 87' lang='lat' dir='ltr'><strong>animi</strong></span> <span class='ocrx_word' id='word_1_129' title='bbox 358 2712 533 2794; x_wconf 88' lang='lat' dir='ltr'><strong>sententia,</strong></span> <span class='ocrx_word' id='word_1_130' title='bbox 552 2733 650 2802; x_wconf 88' lang='lat' dir='ltr'><strong>quam</strong></span> <span class='ocrx_word' id='word_1_131' title='bbox 673 2707 739 2777; x_wconf 91' lang='lat' dir='ltr'><strong>bile</strong></span> <span class='ocrx_word' id='word_1_132' title='bbox 756 2723 788 2776; x_wconf 89' lang='lat' dir='ltr'><strong>et</strong></span> <span class='ocrx_word' id='word_1_133' title='bbox 810 2709 996 2794; x_wconf 87' lang='lat' dir='ltr'><strong>stomacho,</strong></span> <span class='ocrx_word' id='word_1_134' title='bbox 1015 2707 1116 2800; x_wconf 83' lang='lat' dir='ltr'><strong>linge·</strong></span> 
     </span>
     <span class='ocr_line' id='line_1_22' title="bbox 91 2823 1114 2920; baseline 0 -30"><span class='ocrx_word' id='word_1_135' title='bbox 91 2837 208 2912; x_wconf 86' lang='lat' dir='ltr'><strong>rentur,</strong></span> <span class='ocrx_word' id='word_1_136' title='bbox 229 2823 360 2894; x_wconf 80' lang='lat' dir='ltr'><strong>volebat</strong></span> <span class='ocrx_word' id='word_1_137' title='bbox 376 2827 496 2920; x_wconf 78' lang='lat' dir='ltr'><strong>aecipi3</strong></span> <span class='ocrx_word' id='word_1_138' title='bbox 512 2827 705 2920; x_wconf 86' lang='lat' dir='ltr'><strong>dicebatque</strong></span> <span class='ocrx_word' id='word_1_139' title='bbox 722 2826 921 2895; x_wconf 89' lang='lat' dir='ltr'><strong>identidem:</strong></span> <span class='ocrx_word' id='word_1_140' title='bbox 935 2824 1114 2904; x_wconf 74' lang='lat' dir='ltr'><strong>«Oderint,</strong></span> 
     </span>
    </p>
   </div>
   <div class='ocr_carea' id='block_1_7' title="bbox 90 2940 1114 3132">
    <p class='ocr_par' dir='ltr' id='par_1_7' title="bbox 90 2940 1114 3132">
     <span class='ocr_line' id='line_1_23' title="bbox 90 2940 1114 3039; baseline 0.004 -33"><span class='ocrx_word' id='word_1_141' title='bbox 90 2940 163 3008; x_wconf 88' lang='lat' dir='ltr'><strong>dum</strong></span> <span class='ocrx_word' id='word_1_142' title='bbox 176 2945 351 3036; x_wconf 81' lang='lat' dir='ltr'><strong>probent.»</strong></span> <span class='ocrx_word' id='word_1_143' title='bbox 365 2947 467 3033; x_wconf 91' lang='lat' dir='ltr'><strong>Dein,</strong></span> <span class='ocrx_word' id='word_1_144' title='bbox 485 2971 560 3014; x_wconf 88' lang='lat' dir='ltr'><strong>vera</strong></span> <span class='ocrx_word' id='word_1_145' title='bbox 574 2945 671 3039; x_wconf 91' lang='lat' dir='ltr'><strong>plane</strong></span> <span class='ocrx_word' id='word_1_146' title='bbox 686 2961 839 3038; x_wconf 88' lang='lat' dir='ltr'><strong>certaque</strong></span> <span class='ocrx_word' id='word_1_147' title='bbox 853 2969 938 3033; x_wconf 91' lang='lat' dir='ltr'><strong>csse,</strong></span> <span class='ocrx_word' id='word_1_148' title='bbox 956 2946 1023 3038; x_wconf 90' lang='lat' dir='ltr'><strong>ipse</strong></span> <span class='ocrx_word' id='word_1_149' title='bbox 1039 2943 1114 3010; x_wconf 84' lang='lat' dir='ltr'><strong>fecit</strong></span> 
     </span>
     <span class='ocr_line' id='line_1_24' title="bbox 90 3057 191 3132; baseline 0.05 -4"><span class='ocrx_word' id='word_1_150' title='bbox 90 3057 191 3132; x_wconf 89' lang='lat' dir='ltr'><strong>fidem.</strong></span> 
     </span>
    </p>
   </div>
   <div class='ocr_carea' id='block_1_8' title="bbox 78 3186 1113 4230">
    <p class='ocr_par' dir='ltr' id='par_1_8' title="bbox 78 3186 1113 4230">
     <span class='ocr_line' id='line_1_25' title="bbox 131 3186 1112 3282; baseline 0.001 -32"><span class='ocrx_word' id='word_1_151' title='bbox 131 3186 198 3251; x_wconf 87' lang='lat' dir='ltr'><strong>LX.</strong></span> <span class='ocrx_word' id='word_1_152' title='bbox 226 3187 267 3252; x_wconf 92' lang='lat' dir='ltr'><strong>In</strong></span> <span class='ocrx_word' id='word_1_153' title='bbox 293 3189 405 3278; x_wconf 88' lang='lat' dir='ltr'><strong>paucis</strong></span> <span class='ocrx_word' id='word_1_154' title='bbox 424 3186 559 3274; x_wconf 92' lang='lat' dir='ltr'><strong>diebus,</strong></span> <span class='ocrx_word' id='word_1_155' title='bbox 576 3213 674 3282; x_wconf 83' lang='lat' dir='ltr'><strong>quam</strong></span> <span class='ocrx_word' id='word_1_156' title='bbox 697 3191 841 3281; x_wconf 88' lang='lat' dir='ltr'><strong>Capreas</strong></span> <span class='ocrx_word' id='word_1_157' title='bbox 862 3187 987 3279; x_wconf 84' lang='lat' dir='ltr'><strong>attigit,</strong></span> <span class='ocrx_word' id='word_1_158' title='bbox 1006 3186 1112 3278; x_wconf 87' lang='lat' dir='ltr'><strong>pisca·</strong></span> 
     </span>
     <span class='ocr_line' id='line_1_26' title="bbox 88 3303 1113 3402; baseline 0.005 -36"><span class='ocrx_word' id='word_1_159' title='bbox 88 3303 164 3389; x_wconf 89' lang='lat' dir='ltr'><strong>tori,</strong></span> <span class='ocrx_word' id='word_1_160' title='bbox 185 3307 242 3397; x_wconf 92' lang='lat' dir='ltr'><strong>qui</strong></span> <span class='ocrx_word' id='word_1_161' title='bbox 268 3306 328 3374; x_wconf 87' lang='lat' dir='ltr'><strong>sibi</strong></span> <span class='ocrx_word' id='word_1_162' title='bbox 352 3321 514 3376; x_wconf 89' lang='lat' dir='ltr'><strong>secretum</strong></span> <span class='ocrx_word' id='word_1_163' title='bbox 534 3309 643 3402; x_wconf 81' lang='lat' dir='ltr'><strong>agenti</strong></span> <span class='ocrx_word' id='word_1_164' title='bbox 667 3305 824 3402; x_wconf 80' lang='lat' dir='ltr'><strong>grandem</strong></span> <span class='ocrx_word' id='word_1_165' title='bbox 847 3303 986 3373; x_wconf 88' lang='lat' dir='ltr'><strong>mullum</strong></span> <span class='ocrx_word' id='word_1_166' title='bbox 1006 3305 1113 3397; x_wconf 88' lang='lat' dir='ltr'><strong>inopi·</strong></span> 
     </span>
     <span class='ocr_line' id='line_1_27' title="bbox 86 3422 1112 3519; baseline 0.001 -31"><span class='ocrx_word' id='word_1_167' title='bbox 86 3437 200 3490; x_wconf 83' lang='lat' dir='ltr'><strong>muter</strong></span> <span class='ocrx_word' id='word_1_168' title='bbox 221 3422 404 3510; x_wconf 87' lang='lat' dir='ltr'><strong>obtulerat,</strong></span> <span class='ocrx_word' id='word_1_169' title='bbox 426 3425 595 3518; x_wconf 82' lang='lat' dir='ltr'><strong>perfricari</strong></span> <span class='ocrx_word' id='word_1_170' title='bbox 616 3423 730 3494; x_wconf 87' lang='lat' dir='ltr'><strong>eodem</strong></span> <span class='ocrx_word' id='word_1_171' title='bbox 753 3427 841 3519; x_wconf 89' lang='lat' dir='ltr'><strong>pisce</strong></span> <span class='ocrx_word' id='word_1_172' title='bbox 865 3425 978 3492; x_wconf 85' lang='lat' dir='ltr'><strong>faeiem</strong></span> <span class='ocrx_word' id='word_1_173' title='bbox 998 3425 1112 3515; x_wconf 89' lang='lat' dir='ltr'><strong>jussit,</strong></span> 
     </span>
     <span class='ocr_line' id='line_1_28' title="bbox 86 3541 1112 3638; baseline 0.001 -29"><span class='ocrx_word' id='word_1_174' title='bbox 86 3542 232 3626; x_wconf 82' lang='lat' dir='ltr'><strong>territus,</strong></span> <span class='ocrx_word' id='word_1_175' title='bbox 251 3541 343 3634; x_wconf 88' lang='lat' dir='ltr'><strong>quod</strong></span> <span class='ocrx_word' id='word_1_176' title='bbox 360 3545 387 3612; x_wconf 91' lang='lat' dir='ltr'><strong>is</strong></span> <span class='ocrx_word' id='word_1_177' title='bbox 403 3567 422 3612; x_wconf 89' lang='lat' dir='ltr'><strong>a</strong></span> <span class='ocrx_word' id='word_1_178' title='bbox 438 3559 531 3638; x_wconf 83' lang='lat' dir='ltr'><strong>tergo</strong></span> <span class='ocrx_word' id='word_1_179' title='bbox 548 3544 662 3612; x_wconf 85' lang='lat' dir='ltr'><strong>insulae</strong></span> <span class='ocrx_word' id='word_1_180' title='bbox 679 3569 738 3638; x_wconf 88' lang='lat' dir='ltr'><strong>per</strong></span> <span class='ocrx_word' id='word_1_181' title='bbox 754 3568 869 3638; x_wconf 90' lang='lat' dir='ltr'><strong>aspera</strong></span> <span class='ocrx_word' id='word_1_182' title='bbox 885 3558 916 3611; x_wconf 90' lang='lat' dir='ltr'><strong>et</strong></span> <span class='ocrx_word' id='word_1_183' title='bbox 934 3543 1029 3611; x_wconf 90' lang='lat' dir='ltr'><strong>devia</strong></span> <span class='ocrx_word' id='word_1_184' title='bbox 1044 3567 1112 3610; x_wconf 88' lang='lat' dir='ltr'><strong>ere·</strong></span> 
     </span>
     <span class='ocr_line' id='line_1_29' title="bbox 83 3659 1110 3756; baseline -0.002 -28"><span class='ocrx_word' id='word_1_185' title='bbox 83 3659 197 3748; x_wconf 80' lang='lat' dir='ltr'><strong>psisset</strong></span> <span class='ocrx_word' id='word_1_186' title='bbox 213 3660 256 3728; x_wconf 91' lang='lat' dir='ltr'><strong>ad</strong></span> <span class='ocrx_word' id='word_1_187' title='bbox 273 3685 316 3730; x_wconf 88' lang='lat' dir='ltr'><strong>se.</strong></span> <span class='ocrx_word' id='word_1_188' title='bbox 335 3661 524 3732; x_wconf 88' lang='lat' dir='ltr'><strong>Gratulanti</strong></span> <span class='ocrx_word' id='word_1_189' title='bbox 542 3677 651 3731; x_wconf 86' lang='lat' dir='ltr'><strong>autem</strong></span> <span class='ocrx_word' id='word_1_190' title='bbox 671 3665 757 3731; x_wconf 91' lang='lat' dir='ltr'><strong>inter</strong></span> <span class='ocrx_word' id='word_1_191' title='bbox 775 3687 920 3756; x_wconf 89' lang='lat' dir='ltr'><strong>poenam,</strong></span> <span class='ocrx_word' id='word_1_192' title='bbox 939 3661 1027 3753; x_wconf 90' lang='lat' dir='ltr'><strong>quod</strong></span> <span class='ocrx_word' id='word_1_193' title='bbox 1045 3685 1110 3727; x_wconf 90' lang='lat' dir='ltr'><strong>non</strong></span> 
     </span>
     <span class='ocr_line' id='line_1_30' title="bbox 80 3776 1112 3876; baseline 0.002 -34"><span class='ocrx_word' id='word_1_194' title='bbox 80 3790 111 3842; x_wconf 84' lang='lat' dir='ltr'><strong>et</strong></span> <span class='ocrx_word' id='word_1_195' title='bbox 130 3776 309 3867; x_wconf 89' lang='lat' dir='ltr'><strong>locustam,</strong></span> <span class='ocrx_word' id='word_1_196' title='bbox 328 3805 427 3874; x_wconf 89' lang='lat' dir='ltr'><strong>quam</strong></span> <span class='ocrx_word' id='word_1_197' title='bbox 446 3782 672 3876; x_wconf 76' lang='lat' dir='ltr'><strong>praegrandem</strong></span> <span class='ocrx_word' id='word_1_198' title='bbox 691 3795 839 3875; x_wconf 88' lang='lat' dir='ltr'><strong>ceperat,</strong></span> <span class='ocrx_word' id='word_1_199' title='bbox 858 3779 1045 3862; x_wconf 88' lang='lat' dir='ltr'><strong>obtulisset,</strong></span> <span class='ocrx_word' id='word_1_200' title='bbox 1064 3776 1112 3845; x_wconf 92' lang='lat' dir='ltr'><strong>lo·</strong></span> 
     </span>
     <span class='ocr_line' id='line_1_31' title="bbox 79 3897 1108 3994; baseline 0 -32"><span class='ocrx_word' id='word_1_201' title='bbox 79 3911 172 3965; x_wconf 81' lang='lat' dir='ltr'><strong>ousta</strong></span> <span class='ocrx_word' id='word_1_202' title='bbox 198 3923 332 3991; x_wconf 90' lang='lat' dir='ltr'><strong>quoque</strong></span> <span class='ocrx_word' id='word_1_203' title='bbox 358 3898 494 3968; x_wconf 87' lang='lat' dir='ltr'><strong>lacerari</strong></span> <span class='ocrx_word' id='word_1_204' title='bbox 515 3925 552 3968; x_wconf 90' lang='lat' dir='ltr'><strong>os</strong></span> <span class='ocrx_word' id='word_1_205' title='bbox 574 3902 756 3994; x_wconf 88' lang='lat' dir='ltr'><strong>imperavit.</strong></span> <span class='ocrx_word' id='word_1_206' title='bbox 778 3899 920 3969; x_wconf 89' lang='lat' dir='ltr'><strong>Militem</strong></span> <span class='ocrx_word' id='word_1_207' title='bbox 944 3897 1108 3991; x_wconf 82' lang='lat' dir='ltr'><strong>praetoria-</strong></span> 
     </span>
     <span class='ocr_line' id='line_1_32' title="bbox 78 4014 1109 4112; baseline -0.001 -31"><span class='ocrx_word' id='word_1_208' title='bbox 78 4040 179 4100; x_wconf 91' lang='lat' dir='ltr'><strong>uum,</strong></span> <span class='ocrx_word' id='word_1_209' title='bbox 198 4017 242 4084; x_wconf 92' lang='lat' dir='ltr'><strong>nb</strong></span> <span class='ocrx_word' id='word_1_210' title='bbox 255 4033 444 4111; x_wconf 87' lang='lat' dir='ltr'><strong>surreptum</strong></span> <span class='ocrx_word' id='word_1_211' title='bbox 460 4043 478 4087; x_wconf 88' lang='lat' dir='ltr'><strong>e</strong></span> <span class='ocrx_word' id='word_1_212' title='bbox 494 4020 650 4088; x_wconf 85' lang='lat' dir='ltr'><strong>viridario</strong></span> <span class='ocrx_word' id='word_1_213' title='bbox 668 4043 849 4112; x_wconf 89' lang='lat' dir='ltr'><strong>pavonem,</strong></span> <span class='ocrx_word' id='word_1_214' title='bbox 866 4019 972 4109; x_wconf 87' lang='lat' dir='ltr'><strong>capite</strong></span> <span class='ocrx_word' id='word_1_215' title='bbox 990 4014 1109 4106; x_wconf 86' lang='lat' dir='ltr'><strong>puniit.</strong></span> 
     </span>
     <span class='ocr_line' id='line_1_33' title="bbox 79 4133 1112 4230; baseline -0.003 -29"><span class='ocrx_word' id='word_1_216' title='bbox 79 4136 114 4202; x_wconf 95' lang='lat' dir='ltr'><strong>ln</strong></span> <span class='ocrx_word' id='word_1_217' title='bbox 132 4135 282 4227; x_wconf 90' lang='lat' dir='ltr'><strong>quodam</strong></span> <span class='ocrx_word' id='word_1_218' title='bbox 297 4139 428 4223; x_wconf 86' lang='lat' dir='ltr'><strong>itinere,</strong></span> <span class='ocrx_word' id='word_1_219' title='bbox 444 4137 576 4222; x_wconf 85' lang='lat' dir='ltr'><strong>lectica,</strong></span> <span class='ocrx_word' id='word_1_220' title='bbox 593 4165 657 4230; x_wconf 91' lang='lat' dir='ltr'><strong>qua</strong></span> <span class='ocrx_word' id='word_1_221' title='bbox 676 4139 865 4221; x_wconf 85' lang='lat' dir='ltr'><strong>vehebatur,</strong></span> <span class='ocrx_word' id='word_1_222' title='bbox 883 4133 1036 4227; x_wconf 86' lang='lat' dir='ltr'><strong>vepribus</strong></span> <span class='ocrx_word' id='word_1_223' title='bbox 1053 4133 1112 4198; x_wconf 90' lang='lat' dir='ltr'><strong>im-</strong></span> 
     </span>
    </p>
   </div>
   <div class='ocr_carea' id='block_1_9' title="bbox 0 0 1558 5434">
    <p class='ocr_par' dir='ltr' id='par_1_9' title="bbox 0 0 1558 5434">
     <span class='ocr_line' id='line_1_34' title="bbox 0 0 1558 5434; baseline 0 7"><span class='ocrx_word' id='word_1_224' title='bbox 0 0 1558 5434; x_wconf 95' lang='lat' dir='ltr'><strong> </strong></span> 
     </span>
    </p>
   </div>
  </div>
 </body>
</html>
