<?xml version="1.0" encoding="UTF-8"?>
<!DOCTYPE html PUBLIC "-//W3C//DTD XHTML 1.0 Transitional//EN"
    "http://www.w3.org/TR/xhtml1/DTD/xhtml1-transitional.dtd">
<html xmlns="http://www.w3.org/1999/xhtml" xml:lang="en" lang="en">
 <head>
  <title>
</title>
<meta http-equiv="Content-Type" content="text/html;charset=utf-8" />
  <meta name='ocr-system' content='tesseract 3.04.00' />
  <meta name='ocr-capabilities' content='ocr_page ocr_carea ocr_par ocr_line ocrx_word'/>
</head>
<body>
  <div class='ocr_page' id='page_1' title='image "./caiisuetonitran00grosgoog_0446.png"; bbox 0 0 3168 5440; ppageno 0'>
   <div class='ocr_carea' id='block_1_1' title="bbox 453 515 1155 584">
    <p class='ocr_par' dir='ltr' id='par_1_1' title="bbox 453 515 1155 584">
     <span class='ocr_line' id='line_1_1' title="bbox 453 515 1155 584; baseline 0.006 -13"><span class='ocrx_word' id='word_1_1' title='bbox 453 517 493 572; x_wconf 87' lang='lat' dir='ltr'><strong>IN</strong></span> <span class='ocrx_word' id='word_1_2' title='bbox 517 519 547 572; x_wconf 93' lang='lat' dir='ltr'><strong>C.</strong></span> <span class='ocrx_word' id='word_1_3' title='bbox 572 519 596 572; x_wconf 84' lang='lat' dir='ltr'><strong>J.</strong></span> <span class='ocrx_word' id='word_1_4' title='bbox 618 515 814 573; x_wconf 74' lang='lat' dir='ltr'><strong>CAESAREM.</strong></span> <span class='ocrx_word' id='word_1_5' title='bbox 1105 527 1155 584; x_wconf 72' lang='lat' dir='ltr'><strong>alr</strong></span> 
     </span>
    </p>
   </div>
   <div class='ocr_carea' id='block_1_2' title="bbox 120 609 1172 1072">
    <p class='ocr_par' dir='ltr' id='par_1_2' title="bbox 120 609 1172 1072">
     <span class='ocr_line' id='line_1_2' title="bbox 121 609 1158 707; baseline 0.003 -21"><span class='ocrx_word' id='word_1_6' title='bbox 121 641 146 686; x_wconf 85' lang='lat' dir='ltr'><strong>ct</strong></span> <span class='ocrx_word' id='word_1_7' title='bbox 160 629 219 704; x_wconf 90' lang='lat' dir='ltr'><strong>ipse</strong></span> <span class='ocrx_word' id='word_1_8' title='bbox 236 647 298 686; x_wconf 86' lang='lat' dir='ltr'><strong>eam</strong></span> <span class='ocrx_word' id='word_1_9' title='bbox 308 630 345 686; x_wconf 85' lang='lat' dir='ltr'><strong>ab</strong></span> <span class='ocrx_word' id='word_1_10' title='bbox 359 631 559 688; x_wconf 78' lang='lat' dir='ltr'><strong>Alexandrinis</strong></span> <span class='ocrx_word' id='word_1_11' title='bbox 573 609 726 702; x_wconf 84' lang='lat' dir='ltr'><strong>didicerat,</strong></span> <span class='ocrx_word' id='word_1_12' title='bbox 736 641 852 686; x_wconf 88' lang='lat' dir='ltr'><strong>auctore</strong></span> <span class='ocrx_word' id='word_1_13' title='bbox 863 631 1006 702; x_wconf 81' lang='lat' dir='ltr'><strong>Macrob,</strong></span> <span class='ocrx_word' id='word_1_14' title='bbox 1015 631 1066 688; x_wconf 91' lang='lat' dir='ltr'><strong>nbi</strong></span> <span class='ocrx_word' id='word_1_15' title='bbox 1078 651 1158 707; x_wconf 74' lang='lat' dir='ltr'><strong>supr</strong></span> 
     </span>
     <span class='ocr_line' id='line_1_3' title="bbox 122 722 1161 798; baseline 0.009 -26"><span class='ocrx_word' id='word_1_16' title='bbox 122 747 132 772; x_wconf 68' lang='lat' dir='ltr'><strong>a</strong></span> <span class='ocrx_word' id='word_1_17' title='bbox 147 723 221 778; x_wconf 84' lang='lat' dir='ltr'><strong>Nam</strong></span> <span class='ocrx_word' id='word_1_18' title='bbox 239 722 333 778; x_wconf 82' lang='lat' dir='ltr'>Julius</span> <span class='ocrx_word' id='word_1_19' title='bbox 350 723 442 780; x_wconf 80' lang='lat' dir='ltr'><strong>Caesar</strong></span> <span class='ocrx_word' id='word_1_20' title='bbox 457 734 491 778; x_wconf 89' lang='lat' dir='ltr'><strong>nt</strong></span> <span class='ocrx_word' id='word_1_21' title='bbox 505 723 631 781; x_wconf 85' lang='lat' dir='ltr'><strong>siderum</strong></span> <span class='ocrx_word' id='word_1_22' title='bbox 643 734 754 792; x_wconf 85' lang='lat' dir='ltr'><strong>motus,</strong></span> <span class='ocrx_word' id='word_1_23' title='bbox 772 723 809 778; x_wconf 89' lang='lat' dir='ltr'><strong>de</strong></span> <span class='ocrx_word' id='word_1_24' title='bbox 831 722 937 798; x_wconf 83' lang='lat' dir='ltr'><strong>quibus</strong></span> <span class='ocrx_word' id='word_1_25' title='bbox 952 741 1013 780; x_wconf 90' lang='lat' dir='ltr'><strong>non</strong></span> <span class='ocrx_word' id='word_1_26' title='bbox 1028 722 1161 782; x_wconf 85' lang='lat' dir='ltr'><strong>indoctos</strong></span> 
     </span>
     <span class='ocr_line' id='line_1_4' title="bbox 120 812 1160 890; baseline 0.006 -23"><span class='ocrx_word' id='word_1_27' title='bbox 120 812 206 869; x_wconf 87' lang='lat' dir='ltr'><strong>libros</strong></span> <span class='ocrx_word' id='word_1_28' title='bbox 221 813 354 888; x_wconf 89' lang='lat' dir='ltr'><strong>reliquit,</strong></span> <span class='ocrx_word' id='word_1_29' title='bbox 376 815 412 870; x_wconf 86' lang='lat' dir='ltr'><strong>ab</strong></span> <span class='ocrx_word' id='word_1_30' title='bbox 427 815 554 890; x_wconf 77' lang='lat' dir='ltr'><strong>aegyptiis</strong></span> <span class='ocrx_word' id='word_1_31' title='bbox 571 814 727 888; x_wconf 87' lang='lat' dir='ltr'><strong>disciplinis</strong></span> <span class='ocrx_word' id='word_1_32' title='bbox 744 814 855 886; x_wconf 89' lang='lat' dir='ltr'><strong>bausit;</strong></span> <span class='ocrx_word' id='word_1_33' title='bbox 868 813 907 870; x_wconf 85' lang='lat' dir='ltr'><strong>ita</strong></span> <span class='ocrx_word' id='word_1_34' title='bbox 919 815 975 871; x_wconf 92' lang='lat' dir='ltr'><strong>boc</strong></span> <span class='ocrx_word' id='word_1_35' title='bbox 988 833 1107 890; x_wconf 83' lang='lat' dir='ltr'><strong>quoque</strong></span> <span class='ocrx_word' id='word_1_36' title='bbox 1124 835 1160 874; x_wconf 88' lang='lat' dir='ltr'><strong>ex</strong></span> 
     </span>
     <span class='ocr_line' id='line_1_5' title="bbox 120 904 1161 979; baseline 0.006 -19"><span class='ocrx_word' id='word_1_37' title='bbox 120 904 215 962; x_wconf 87' lang='lat' dir='ltr'><strong>eadem</strong></span> <span class='ocrx_word' id='word_1_38' title='bbox 234 905 415 962; x_wconf 85' lang='lat' dir='ltr'><strong>institutione</strong></span> <span class='ocrx_word' id='word_1_39' title='bbox 424 919 570 964; x_wconf 85' lang='lat' dir='ltr'><strong>mutuatus</strong></span> <span class='ocrx_word' id='word_1_40' title='bbox 581 917 642 979; x_wconf 90' lang='lat' dir='ltr'><strong>est,</strong></span> <span class='ocrx_word' id='word_1_41' title='bbox 660 917 693 962; x_wconf 90' lang='lat' dir='ltr'><strong>nt</strong></span> <span class='ocrx_word' id='word_1_42' title='bbox 710 907 746 963; x_wconf 92' lang='lat' dir='ltr'><strong>ad</strong></span> <span class='ocrx_word' id='word_1_43' title='bbox 757 907 824 964; x_wconf 82' lang='lat' dir='ltr'><strong>solis</strong></span> <span class='ocrx_word' id='word_1_44' title='bbox 838 926 951 964; x_wconf 86' lang='lat' dir='ltr'><strong>cursum</strong></span> <span class='ocrx_word' id='word_1_45' title='bbox 966 905 1084 966; x_wconf 81' lang='lat' dir='ltr'><strong>liniendi</strong></span> <span class='ocrx_word' id='word_1_46' title='bbox 1094 910 1161 966; x_wconf 85' lang='lat' dir='ltr'><strong>anni</strong></span> 
     </span>
     <span class='ocr_line' id='line_1_6' title="bbox 120 988 1172 1072; baseline 0.009 -20"><span class='ocrx_word' id='word_1_47' title='bbox 120 1007 230 1072; x_wconf 87' lang='lat' dir='ltr'><strong>ternpus</strong></span> <span class='ocrx_word' id='word_1_48' title='bbox 250 999 450 1056; x_wconf 78' lang='lat' dir='ltr'><strong>extenderet.»</strong></span> <span class='ocrx_word' id='word_1_49' title='bbox 1168 988 1172 996; x_wconf 46' lang='lat'><strong><em>¹</em></strong></span> 
     </span>
    </p>
   </div>
   <div class='ocr_carea' id='block_1_3' title="bbox 119 1105 1160 1268">
    <p class='ocr_par' dir='ltr' id='par_1_3' title="bbox 119 1105 1160 1268">
     <span class='ocr_line' id='line_1_7' title="bbox 158 1105 1160 1184; baseline 0.006 -24"><span class='ocrx_word' id='word_1_50' title='bbox 158 1106 237 1160; x_wconf 80' lang='lat' dir='ltr'><strong>Duos</strong></span> <span class='ocrx_word' id='word_1_51' title='bbox 250 1107 333 1162; x_wconf 81' lang='lat' dir='ltr'><strong>olins.</strong></span> <span class='ocrx_word' id='word_1_52' title='bbox 347 1105 467 1162; x_wconf 89' lang='lat' dir='ltr'><strong>Dierum</strong></span> <span class='ocrx_word' id='word_1_53' title='bbox 481 1117 588 1179; x_wconf 84' lang='lat' dir='ltr'><strong>septem</strong></span> <span class='ocrx_word' id='word_1_54' title='bbox 606 1117 635 1162; x_wconf 86' lang='lat' dir='ltr'><strong>et</strong></span> <span class='ocrx_word' id='word_1_55' title='bbox 648 1107 800 1184; x_wconf 76' lang='lat' dir='ltr'><strong>sexaginta.</strong></span> <span class='ocrx_word' id='word_1_56' title='bbox 817 1110 956 1178; x_wconf 64' lang='lat' dir='ltr'><strong>Censoe„</strong></span> <span class='ocrx_word' id='word_1_57' title='bbox 969 1109 1007 1163; x_wconf 82' lang='lat' dir='ltr'><strong>de</strong></span> <span class='ocrx_word' id='word_1_58' title='bbox 1015 1109 1071 1165; x_wconf 84' lang='lat' dir='ltr'><strong>Die</strong></span> <span class='ocrx_word' id='word_1_59' title='bbox 1082 1122 1160 1180; x_wconf 73' lang='lat' dir='ltr'><strong>nat,</strong></span> 
     </span>
     <span class='ocr_line' id='line_1_8' title="bbox 119 1215 211 1268; baseline 0.011 -17"><span class='ocrx_word' id='word_1_60' title='bbox 119 1215 144 1268; x_wconf 91' lang='lat' dir='ltr'><strong>r,</strong></span> <span class='ocrx_word' id='word_1_61' title='bbox 165 1215 211 1252; x_wconf 83' lang='lat' dir='ltr'><strong>ao.</strong></span> 
     </span>
    </p>
   </div>
   <div class='ocr_carea' id='block_1_4' title="bbox 118 1302 1161 1472">
    <p class='ocr_par' dir='ltr' id='par_1_4' title="bbox 118 1302 1161 1472">
     <span class='ocr_line' id='line_1_9' title="bbox 159 1302 1161 1378; baseline 0.003 -21"><span class='ocrx_word' id='word_1_62' title='bbox 159 1303 228 1358; x_wconf 79' lang='lat' dir='ltr'><strong>Cae.</strong></span> <span class='ocrx_word' id='word_1_63' title='bbox 244 1302 322 1357; x_wconf 86' lang='lat' dir='ltr'><strong>XLl.</strong></span> <span class='ocrx_word' id='word_1_64' title='bbox 335 1303 539 1378; x_wconf 75' lang='lat' dir='ltr'><strong>Supplevit-</strong></span> <span class='ocrx_word' id='word_1_65' title='bbox 554 1305 718 1360; x_wconf 83' lang='lat' dir='ltr'><strong>Senatorum</strong></span> <span class='ocrx_word' id='word_1_66' title='bbox 732 1305 806 1361; x_wconf 91' lang='lat' dir='ltr'><strong>enirn</strong></span> <span class='ocrx_word' id='word_1_67' title='bbox 824 1323 958 1362; x_wconf 88' lang='lat' dir='ltr'><strong>numerus</strong></span> <span class='ocrx_word' id='word_1_68' title='bbox 973 1305 1055 1362; x_wconf 86' lang='lat' dir='ltr'><strong>bellis</strong></span> <span class='ocrx_word' id='word_1_69' title='bbox 1069 1305 1161 1362; x_wconf 83' lang='lat' dir='ltr'><strong>civili-</strong></span> 
     </span>
     <span class='ocr_line' id='line_1_10' title="bbox 118 1393 1160 1472; baseline 0.006 -24"><span class='ocrx_word' id='word_1_70' title='bbox 118 1394 172 1449; x_wconf 90' lang='lat' dir='ltr'><strong>bus</strong></span> <span class='ocrx_word' id='word_1_71' title='bbox 182 1393 347 1450; x_wconf 88' lang='lat' dir='ltr'><strong>imminutus</strong></span> <span class='ocrx_word' id='word_1_72' title='bbox 356 1393 449 1451; x_wconf 85' lang='lat' dir='ltr'><strong>iuerat</strong></span> <span class='ocrx_word' id='word_1_73' title='bbox 459 1395 510 1452; x_wconf 90' lang='lat' dir='ltr'><strong>:ad</strong></span> <span class='ocrx_word' id='word_1_74' title='bbox 518 1406 678 1472; x_wconf 79' lang='lat' dir='ltr'><strong>nongentos</strong></span> <span class='ocrx_word' id='word_1_75' title='bbox 684 1397 742 1452; x_wconf 85' lang='lat' dir='ltr'><strong>lere</strong></span> <span class='ocrx_word' id='word_1_76' title='bbox 751 1415 900 1452; x_wconf 89' lang='lat' dir='ltr'><strong>numerum</strong></span> <span class='ocrx_word' id='word_1_77' title='bbox 909 1397 1052 1470; x_wconf 82' lang='lat' dir='ltr'><strong>ampliavit</strong></span> <span class='ocrx_word' id='word_1_78' title='bbox 1061 1399 1160 1454; x_wconf 73' lang='lat' dir='ltr'><strong>Cesar.</strong></span> 
     </span>
    </p>
   </div>
   <div class='ocr_carea' id='block_1_5' title="bbox 119 1485 1163 1570">
    <p class='ocr_par' dir='ltr' id='par_1_5' title="bbox 119 1485 1163 1570">
     <span class='ocr_line' id='line_1_11' title="bbox 119 1485 1163 1570; baseline 0.009 -29"><span class='ocrx_word' id='word_1_79' title='bbox 119 1485 195 1556; x_wconf 79' lang='lat' dir='ltr'><strong>Dte,</strong></span> <span class='ocrx_word' id='word_1_80' title='bbox 210 1504 285 1541; x_wconf 76' lang='lat' dir='ltr'><strong>xtm</strong></span> <span class='ocrx_word' id='word_1_81' title='bbox 295 1503 340 1560; x_wconf 88' lang='lat' dir='ltr'><strong>‚p.</strong></span> <span class='ocrx_word' id='word_1_82' title='bbox 351 1504 408 1558; x_wconf 77' lang='lat'><strong>227</strong></span> <span class='ocrx_word' id='word_1_83' title='bbox 426 1507 433 1542; x_wconf 90' lang='lat'><strong>:</strong></span> <span class='ocrx_word' id='word_1_84' title='bbox 448 1491 535 1552; x_wconf 61' lang='lat' dir='ltr'><strong>treats</strong></span> <span class='ocrx_word' id='word_1_85' title='bbox 549 1491 687 1566; x_wconf 68' lang='lat' dir='ltr'><strong>diespiter,</strong></span> <span class='ocrx_word' id='word_1_86' title='bbox 700 1497 788 1567; x_wconf 77' lang='grc' dir='ltr'><strong>μήτίἷ</strong></span> <span class='ocrx_word' id='word_1_87' title='bbox 797 1517 833 1558; x_wconf 77' lang='grc' dir='ltr'><strong>τις</strong></span> <span class='ocrx_word' id='word_1_88' title='bbox 846 1497 1008 1568; x_wconf 76' lang='grc' dir='ltr'>στρατιώτης,</span> <span class='ocrx_word' id='word_1_89' title='bbox 1024 1501 1082 1570; x_wconf 77' lang='grc' dir='ltr'><strong>μήτ’</strong></span> <span class='ocrx_word' id='word_1_90' title='bbox 1091 1499 1114 1550; x_wconf 82' lang='lat' dir='ltr'><strong>sl</strong></span> <span class='ocrx_word' id='word_1_91' title='bbox 1126 1517 1163 1558; x_wconf 80' lang='grc' dir='ltr'><strong>τις</strong></span> 
     </span>
    </p>
   </div>
   <div class='ocr_carea' id='block_1_6' title="bbox 124 1585 1161 1660">
    <p class='ocr_par' dir='ltr' id='par_1_6' title="bbox 124 1585 1161 1660">
     <span class='ocr_line' id='line_1_12' title="bbox 124 1585 1161 1660; baseline 0.006 -23"><span class='ocrx_word' id='word_1_92' title='bbox 124 1587 168 1638; x_wconf 72' lang='lat' dir='ltr'><strong>dx&#39;</strong></span> <span class='ocrx_word' id='word_1_93' title='bbox 187 1589 306 1657; x_wconf 64' lang='lat' dir='ltr'><strong>iasutlpcu</strong></span> <span class='ocrx_word' id='word_1_94' title='bbox 318 1590 378 1648; x_wconf 76' lang='grc' dir='ltr'><strong>παῖς</strong></span> <span class='ocrx_word' id='word_1_95' title='bbox 390 1585 427 1646; x_wconf 77' lang='lat' dir='ltr'><strong>sls&#39;</strong></span> <span class='ocrx_word' id='word_1_96' title='bbox 442 1589 506 1640; x_wconf 77' lang='grc' dir='ltr'>ὧστι</span> <span class='ocrx_word' id='word_1_97' title='bbox 522 1587 565 1640; x_wconf 77' lang='grc' dir='ltr'><strong>καὶ</strong></span> <span class='ocrx_word' id='word_1_98' title='bbox 580 1589 742 1649; x_wconf 73' lang='grc' dir='ltr'>ὶινιαιιοσίιυς</span> <span class='ocrx_word' id='word_1_99' title='bbox 757 1591 786 1642; x_wconf 70' lang='grc' dir='ltr'><strong>τὸ</strong></span> <span class='ocrx_word' id='word_1_100' title='bbox 799 1591 927 1658; x_wconf 61' lang='lat' dir='ltr'><strong>aselano</strong></span> <span class='ocrx_word' id='word_1_101' title='bbox 944 1591 1023 1644; x_wconf 75' lang='grc' dir='ltr'><strong>αὐτῶν</strong></span> <span class='ocrx_word' id='word_1_102' title='bbox 1040 1591 1161 1660; x_wconf 60' lang='grc' dir='ltr'><strong>γενέσθαι.</strong></span> 
     </span>
    </p>
   </div>
   <div class='ocr_carea' id='block_1_7' title="bbox 118 1684 1160 1926">
    <p class='ocr_par' dir='ltr' id='par_1_7' title="bbox 118 1684 1160 1926">
     <span class='ocr_line' id='line_1_13' title="bbox 160 1684 1160 1761; baseline 0.002 -23"><span class='ocrx_word' id='word_1_103' title='bbox 160 1684 279 1758; x_wconf 80' lang='lat' dir='ltr'><strong>Allegr&#39;t.</strong></span> <span class='ocrx_word' id='word_1_104' title='bbox 298 1684 334 1740; x_wconf 88' lang='lat' dir='ltr'><strong>ll.</strong></span> <span class='ocrx_word' id='word_1_105' title='bbox 348 1704 373 1741; x_wconf 93' lang='lat' dir='ltr'><strong>e.</strong></span> <span class='ocrx_word' id='word_1_106' title='bbox 390 1703 479 1741; x_wconf 85' lang='lat' dir='ltr'><strong>novas</strong></span> <span class='ocrx_word' id='word_1_107' title='bbox 496 1684 615 1741; x_wconf 70' lang='lat' dir='ltr'><strong>familias</strong></span> <span class='ocrx_word' id='word_1_108' title='bbox 629 1684 660 1740; x_wconf 94' lang='lat' dir='ltr'><strong>in</strong></span> <span class='ocrx_word' id='word_1_109' title='bbox 677 1685 741 1742; x_wconf 91' lang='lat' dir='ltr'><strong>illos</strong></span> <span class='ocrx_word' id='word_1_110' title='bbox 763 1687 918 1760; x_wconf 84' lang='lat' dir='ltr'><strong>assumpsit.</strong></span> <span class='ocrx_word' id='word_1_111' title='bbox 937 1686 1000 1758; x_wconf 86' lang='lat' dir='ltr'><strong>Sic,</strong></span> <span class='ocrx_word' id='word_1_112' title='bbox 1019 1685 1160 1761; x_wconf 82' lang='lat' dir='ltr'><strong>in.Aug.,</strong></span> 
     </span>
     <span class='ocr_line' id='line_1_14' title="bbox 118 1777 1160 1855; baseline 0.005 -26"><span class='ocrx_word' id='word_1_113' title='bbox 118 1793 142 1829; x_wconf 86' lang='lat' dir='ltr'><strong>rr</strong></span> <span class='ocrx_word' id='word_1_114' title='bbox 157 1795 165 1829; x_wconf 92' lang='lat'><strong>:</strong></span> <span class='ocrx_word' id='word_1_115' title='bbox 180 1777 245 1832; x_wconf 80' lang='lat' dir='ltr'><strong>«Ea</strong></span> <span class='ocrx_word' id='word_1_116' title='bbox 258 1795 327 1852; x_wconf 81' lang='lat' dir='ltr'><strong>gens</strong></span> <span class='ocrx_word' id='word_1_117' title='bbox 342 1777 528 1852; x_wconf 85' lang='lat' dir='ltr'><strong>uTarquinio</strong></span> <span class='ocrx_word' id='word_1_118' title='bbox 544 1777 641 1834; x_wconf 88' lang='lat' dir='ltr'><strong>Prisco</strong></span> <span class='ocrx_word' id='word_1_119' title='bbox 661 1797 728 1854; x_wconf 81' lang='lat' dir='ltr'><strong>rege</strong></span> <span class='ocrx_word' id='word_1_120' title='bbox 740 1778 814 1834; x_wconf 90' lang='lat' dir='ltr'><strong>inter</strong></span> <span class='ocrx_word' id='word_1_121' title='bbox 831 1797 961 1834; x_wconf 87' lang='lat' dir='ltr'><strong>romanas</strong></span> <span class='ocrx_word' id='word_1_122' title='bbox 975 1789 1072 1855; x_wconf 77' lang='lat' dir='ltr'><strong>gentes</strong></span> <span class='ocrx_word' id='word_1_123' title='bbox 1086 1781 1160 1834; x_wconf 85' lang='lat' dir='ltr'><strong>alle-</strong></span> 
     </span>
     <span class='ocr_line' id='line_1_15' title="bbox 119 1867 568 1926; baseline 0.011 -7"><span class='ocrx_word' id='word_1_124' title='bbox 119 1879 175 1921; x_wconf 86' lang='lat' dir='ltr'><strong>cra.</strong></span> <span class='ocrx_word' id='word_1_125' title='bbox 187 1890 203 1917; x_wconf 73' lang='lat' dir='ltr'><strong>s</strong></span> <span class='ocrx_word' id='word_1_126' title='bbox 220 1868 254 1923; x_wconf 90' lang='lat' dir='ltr'><strong>ln</strong></span> <span class='ocrx_word' id='word_1_127' title='bbox 272 1867 317 1924; x_wconf 88' lang='lat' dir='ltr'><strong>bis</strong></span> <span class='ocrx_word' id='word_1_128' title='bbox 330 1871 446 1926; x_wconf 86' lang='lat' dir='ltr'><strong>allectus</strong></span> <span class='ocrx_word' id='word_1_129' title='bbox 459 1869 568 1926; x_wconf 87' lang='lat' dir='ltr'><strong>Cicero.</strong></span> 
     </span>
    </p>
   </div>
   <div class='ocr_carea' id='block_1_8' title="bbox 115 1973 1165 2584">
    <p class='ocr_par' dir='ltr' id='par_1_8' title="bbox 115 1973 1163 2140">
     <span class='ocr_line' id='line_1_16' title="bbox 160 1973 1163 2046; baseline 0.005 -19"><span class='ocrx_word' id='word_1_130' title='bbox 160 1973 329 2030; x_wconf 83' lang='lat' dir='ltr'><strong>Proetorrrm.</strong></span> <span class='ocrx_word' id='word_1_131' title='bbox 339 1977 430 2031; x_wconf 74' lang='lat' dir='ltr'><strong>Antea</strong></span> <span class='ocrx_word' id='word_1_132' title='bbox 439 1975 553 2032; x_wconf 72' lang='lat' dir='ltr'><strong>fererant</strong></span> <span class='ocrx_word' id='word_1_133' title='bbox 566 1985 649 2046; x_wconf 87' lang='lat' dir='ltr'><strong>octo;</strong></span> <span class='ocrx_word' id='word_1_134' title='bbox 662 1974 760 2030; x_wconf 87' lang='lat' dir='ltr'><strong>decern</strong></span> <span class='ocrx_word' id='word_1_135' title='bbox 774 1974 848 2030; x_wconf 83' lang='lat' dir='ltr'><strong>lecit.</strong></span> <span class='ocrx_word' id='word_1_136' title='bbox 857 2007 898 2019; x_wconf 92' lang='lat'>-</span> <span class='ocrx_word' id='word_1_137' title='bbox 906 1977 987 2031; x_wconf 89' lang='lat' dir='ltr'><strong>Duos</strong></span> <span class='ocrx_word' id='word_1_138' title='bbox 995 1975 1095 2042; x_wconf 83' lang='lat' dir='ltr'><strong>oediles</strong></span> <span class='ocrx_word' id='word_1_139' title='bbox 1108 1975 1163 2032; x_wconf 90' lang='lat' dir='ltr'><strong>ad·</strong></span> 
     </span>
     <span class='ocr_line' id='line_1_17' title="bbox 115 2065 326 2140; baseline 0.009 -20"><span class='ocrx_word' id='word_1_140' title='bbox 115 2065 184 2137; x_wconf 88' lang='lat' dir='ltr'><strong>jecit</strong></span> <span class='ocrx_word' id='word_1_141' title='bbox 200 2083 216 2122; x_wconf 92' lang='lat' dir='ltr'><strong>e</strong></span> <span class='ocrx_word' id='word_1_142' title='bbox 233 2067 326 2140; x_wconf 87' lang='lat' dir='ltr'><strong>plebe.</strong></span> 
     </span>
    </p>

    <p class='ocr_par' dir='ltr' id='par_1_9' title="bbox 117 2157 1165 2399">
     <span class='ocr_line' id='line_1_18' title="bbox 164 2157 1164 2231; baseline 0.002 -18"><span class='ocrx_word' id='word_1_143' title='bbox 164 2159 350 2229; x_wconf 77' lang='lat' dir='ltr'><strong>(lacertorum.</strong></span> <span class='ocrx_word' id='word_1_144' title='bbox 372 2161 430 2217; x_wconf 89' lang='lat' dir='ltr'><strong>Sex</strong></span> <span class='ocrx_word' id='word_1_145' title='bbox 450 2159 540 2218; x_wconf 83' lang='lat' dir='ltr'><strong>inere.</strong></span> <span class='ocrx_word' id='word_1_146' title='bbox 567 2161 634 2216; x_wconf 89' lang='lat' dir='ltr'><strong>Duo</strong></span> <span class='ocrx_word' id='word_1_147' title='bbox 661 2158 824 2231; x_wconf 82' lang='lat' dir='ltr'><strong>novissimi,</strong></span> <span class='ocrx_word' id='word_1_148' title='bbox 848 2161 973 2215; x_wconf 84' lang='lat' dir='ltr'><strong>cereales</strong></span> <span class='ocrx_word' id='word_1_149' title='bbox 993 2159 1077 2230; x_wconf 90' lang='lat' dir='ltr'><strong>dicti,</strong></span> <span class='ocrx_word' id='word_1_150' title='bbox 1096 2157 1164 2215; x_wconf 91' lang='lat' dir='ltr'><strong>ideo</strong></span> 
     </span>
     <span class='ocr_line' id='line_1_19' title="bbox 118 2249 1165 2326; baseline 0.002 -22"><span class='ocrx_word' id='word_1_151' title='bbox 118 2249 200 2321; x_wconf 86' lang='lat' dir='ltr'><strong>qnod</strong></span> <span class='ocrx_word' id='word_1_152' title='bbox 210 2250 356 2307; x_wconf 83' lang='lat' dir='ltr'><strong>frumento</strong></span> <span class='ocrx_word' id='word_1_153' title='bbox 365 2263 514 2325; x_wconf 71' lang='lat' dir='ltr'><strong>praeerant.</strong></span> <span class='ocrx_word' id='word_1_154' title='bbox 525 2253 685 2322; x_wconf 83' lang='lat' dir='ltr'><strong>Ouoestores</strong></span> <span class='ocrx_word' id='word_1_155' title='bbox 699 2249 888 2326; x_wconf 81' lang='lat' dir='ltr'><strong>quadraginta</strong></span> <span class='ocrx_word' id='word_1_156' title='bbox 897 2251 971 2306; x_wconf 81' lang='lat' dir='ltr'><strong>lecit.</strong></span> <span class='ocrx_word' id='word_1_157' title='bbox 982 2251 1056 2306; x_wconf 86' lang='lat' dir='ltr'><strong>Vide</strong></span> <span class='ocrx_word' id='word_1_158' title='bbox 1067 2251 1165 2306; x_wconf 70' lang='lat' dir='ltr'><strong>Bruxe-</strong></span> 
     </span>
     <span class='ocr_line' id='line_1_20' title="bbox 117 2344 346 2399; baseline 0.017 -4"><span class='ocrx_word' id='word_1_159' title='bbox 117 2360 203 2397; x_wconf 78' lang='lat' dir='ltr'><strong>oaar.</strong></span> <span class='ocrx_word' id='word_1_160' title='bbox 214 2353 244 2398; x_wconf 88' lang='lat' dir='ltr'><strong>et</strong></span> <span class='ocrx_word' id='word_1_161' title='bbox 258 2344 346 2399; x_wconf 78' lang='lat' dir='ltr'><strong>Esse.</strong></span> 
     </span>
    </p>

    <p class='ocr_par' dir='ltr' id='par_1_10' title="bbox 117 2434 1164 2584">
     <span class='ocr_line' id='line_1_21' title="bbox 160 2434 1164 2510; baseline 0.001 -22"><span class='ocrx_word' id='word_1_162' title='bbox 160 2435 303 2489; x_wconf 73' lang='lat' dir='ltr'><strong>Minorem</strong></span> <span class='ocrx_word' id='word_1_163' title='bbox 312 2435 535 2510; x_wconf 82' lang='lat' dir='ltr'><strong>magistratuum.</strong></span> <span class='ocrx_word' id='word_1_164' title='bbox 550 2435 663 2506; x_wconf 82' lang='lat' dir='ltr'><strong>Quibus</strong></span> <span class='ocrx_word' id='word_1_165' title='bbox 675 2454 772 2510; x_wconf 88' lang='lat' dir='ltr'><strong>neque</strong></span> <span class='ocrx_word' id='word_1_166' title='bbox 789 2434 916 2509; x_wconf 77' lang='lat' dir='ltr'><strong>auspicia</strong></span> <span class='ocrx_word' id='word_1_167' title='bbox 929 2453 1054 2506; x_wconf 83' lang='lat' dir='ltr'><strong>servare,</strong></span> <span class='ocrx_word' id='word_1_168' title='bbox 1069 2452 1164 2508; x_wconf 89' lang='lat' dir='ltr'><strong>neque</strong></span> 
     </span>
     <span class='ocr_line' id='line_1_22' title="bbox 117 2525 549 2584; baseline 0.007 -4"><span class='ocrx_word' id='word_1_169' title='bbox 117 2525 288 2582; x_wconf 82' lang='lat' dir='ltr'><strong>obnuntiare</strong></span> <span class='ocrx_word' id='word_1_170' title='bbox 299 2525 422 2582; x_wconf 85' lang='lat' dir='ltr'><strong>comitiis</strong></span> <span class='ocrx_word' id='word_1_171' title='bbox 436 2525 549 2584; x_wconf 87' lang='lat' dir='ltr'><strong>licebat.</strong></span> 
     </span>
    </p>
   </div>
   <div class='ocr_carea' id='block_1_9' title="bbox 117 2629 1165 2891">
    <p class='ocr_par' dir='ltr' id='par_1_11' title="bbox 117 2629 1165 2891">
     <span class='ocr_line' id='line_1_23' title="bbox 156 2629 1163 2707; baseline 0.004 -20"><span class='ocrx_word' id='word_1_172' title='bbox 156 2629 294 2688; x_wconf 67' lang='lat' dir='ltr'><strong>Nudatos.</strong></span> <span class='ocrx_word' id='word_1_173' title='bbox 309 2634 346 2688; x_wconf 87' lang='grc' dir='ltr'><strong>Η.</strong></span> <span class='ocrx_word' id='word_1_174' title='bbox 361 2651 385 2688; x_wconf 91' lang='lat' dir='ltr'><strong>e.</strong></span> <span class='ocrx_word' id='word_1_175' title='bbox 407 2632 510 2689; x_wconf 88' lang='lat' dir='ltr'><strong>ordine</strong></span> <span class='ocrx_word' id='word_1_176' title='bbox 529 2651 582 2689; x_wconf 89' lang='lat' dir='ltr'><strong>suo</strong></span> <span class='ocrx_word' id='word_1_177' title='bbox 601 2633 720 2706; x_wconf 82' lang='lat' dir='ltr'><strong>ejectos,</strong></span> <span class='ocrx_word' id='word_1_178' title='bbox 737 2651 798 2707; x_wconf 87' lang='lat' dir='ltr'><strong>quo</strong></span> <span class='ocrx_word' id='word_1_179' title='bbox 815 2651 899 2689; x_wconf 86' lang='lat' dir='ltr'><strong>sensu</strong></span> <span class='ocrx_word' id='word_1_180' title='bbox 912 2633 1001 2686; x_wconf 84' lang='lat' dir='ltr'><strong>nudos</strong></span> <span class='ocrx_word' id='word_1_181' title='bbox 1019 2630 1089 2688; x_wconf 87' lang='lat' dir='ltr'><strong>dicit</strong></span> <span class='ocrx_word' id='word_1_182' title='bbox 1105 2632 1163 2690; x_wconf 83' lang='lat' dir='ltr'><strong>Cio.</strong></span> 
     </span>
     <span class='ocr_line' id='line_1_24' title="bbox 118 2722 1165 2800; baseline 0.002 -22"><span class='ocrx_word' id='word_1_183' title='bbox 118 2725 160 2778; x_wconf 86' lang='lat' dir='ltr'><strong>ad</strong></span> <span class='ocrx_word' id='word_1_184' title='bbox 179 2727 256 2791; x_wconf 73' lang='lat' dir='ltr'><strong>Ata,</strong></span> <span class='ocrx_word' id='word_1_185' title='bbox 274 2743 304 2796; x_wconf 89' lang='lat'><strong>1,</strong></span> <span class='ocrx_word' id='word_1_186' title='bbox 326 2723 360 2780; x_wconf 78' lang='lat'><strong>15</strong></span> <span class='ocrx_word' id='word_1_187' title='bbox 384 2744 391 2779; x_wconf 93' lang='lat'>:</span> <span class='ocrx_word' id='word_1_188' title='bbox 413 2727 592 2800; x_wconf 76' lang='lat' dir='ltr'><strong>«Nunquam</strong></span> <span class='ocrx_word' id='word_1_189' title='bbox 611 2725 727 2799; x_wconf 90' lang='lat' dir='ltr'><strong>turpior</strong></span> <span class='ocrx_word' id='word_1_190' title='bbox 748 2725 778 2779; x_wconf 91' lang='lat' dir='ltr'><strong>in</strong></span> <span class='ocrx_word' id='word_1_191' title='bbox 800 2723 872 2780; x_wconf 91' lang='lat' dir='ltr'><strong>ludo</strong></span> <span class='ocrx_word' id='word_1_192' title='bbox 894 2722 995 2778; x_wconf 90' lang='lat' dir='ltr'><strong>talario</strong></span> <span class='ocrx_word' id='word_1_193' title='bbox 1019 2740 1165 2780; x_wconf 82' lang='lat' dir='ltr'><strong>consessus</strong></span> 
     </span>
     <span class='ocr_line' id='line_1_25' title="bbox 117 2815 788 2891; baseline 0.004 -21"><span class='ocrx_word' id='word_1_194' title='bbox 117 2815 170 2872; x_wconf 83' lang='lat' dir='ltr'><strong>fuit</strong></span> <span class='ocrx_word' id='word_1_195' title='bbox 189 2835 197 2870; x_wconf 94' lang='lat'><strong>:</strong></span> <span class='ocrx_word' id='word_1_196' title='bbox 214 2816 351 2872; x_wconf 87' lang='lat' dir='ltr'><strong>maculosi</strong></span> <span class='ocrx_word' id='word_1_197' title='bbox 367 2827 531 2886; x_wconf 81' lang='lat' dir='ltr'><strong>senatores,</strong></span> <span class='ocrx_word' id='word_1_198' title='bbox 550 2815 622 2872; x_wconf 90' lang='lat' dir='ltr'><strong>nudi</strong></span> <span class='ocrx_word' id='word_1_199' title='bbox 640 2817 758 2891; x_wconf 87' lang='lat' dir='ltr'><strong>equites.</strong></span> <span class='ocrx_word' id='word_1_200' title='bbox 776 2840 788 2867; x_wconf 69' lang='grc' dir='ltr'>ι</span> 
     </span>
    </p>
   </div>
   <div class='ocr_carea' id='block_1_10' title="bbox 160 2924 716 2996">
    <p class='ocr_par' dir='ltr' id='par_1_12' title="bbox 160 2924 716 2996">
     <span class='ocr_line' id='line_1_26' title="bbox 160 2924 716 2996; baseline 0.002 -18"><span class='ocrx_word' id='word_1_201' title='bbox 160 2924 256 2996; x_wconf 82' lang='lat' dir='ltr'><strong>Opere</strong></span> <span class='ocrx_word' id='word_1_202' title='bbox 268 2924 403 2978; x_wconf 85' lang='lat' dir='ltr'><strong>censorio.</strong></span> <span class='ocrx_word' id='word_1_203' title='bbox 416 2924 453 2978; x_wconf 88' lang='lat' dir='ltr'><strong>H.</strong></span> <span class='ocrx_word' id='word_1_204' title='bbox 468 2940 492 2977; x_wconf 92' lang='lat' dir='ltr'><strong>e.</strong></span> <span class='ocrx_word' id='word_1_205' title='bbox 510 2940 564 2996; x_wconf 88' lang='lat' dir='ltr'><strong>per</strong></span> <span class='ocrx_word' id='word_1_206' title='bbox 578 2941 716 2979; x_wconf 86' lang='lat' dir='ltr'><strong>censores.</strong></span> 
     </span>
    </p>
   </div>
   <div class='ocr_carea' id='block_1_11' title="bbox 115 3027 1168 4041">
    <p class='ocr_par' dir='ltr' id='par_1_13' title="bbox 117 3027 1165 3196">
     <span class='ocr_line' id='line_1_27' title="bbox 158 3027 1165 3102; baseline -0.001 -18"><span class='ocrx_word' id='word_1_207' title='bbox 158 3028 292 3084; x_wconf 83' lang='lat' dir='ltr'><strong>Comitia.</strong></span> <span class='ocrx_word' id='word_1_208' title='bbox 313 3031 365 3083; x_wconf 88' lang='lat' dir='ltr'><strong>lus</strong></span> <span class='ocrx_word' id='word_1_209' title='bbox 383 3027 600 3102; x_wconf 78' lang='lat' dir='ltr'><strong>magistratuum</strong></span> <span class='ocrx_word' id='word_1_210' title='bbox 619 3030 738 3085; x_wconf 81' lang='lat' dir='ltr'><strong>eomitia&#39;s</strong></span> <span class='ocrx_word' id='word_1_211' title='bbox 751 3028 957 3097; x_wconf 86' lang='lat' dir='ltr'><strong>creandorum,</strong></span> <span class='ocrx_word' id='word_1_212' title='bbox 978 3044 1068 3099; x_wconf 87' lang='lat' dir='ltr'><strong>quum</strong></span> <span class='ocrx_word' id='word_1_213' title='bbox 1083 3035 1165 3083; x_wconf 83' lang='lat' dir='ltr'><strong>antea</strong></span> 
     </span>
     <span class='ocr_line' id='line_1_28' title="bbox 117 3119 613 3196; baseline 0.006 -22"><span class='ocrx_word' id='word_1_214' title='bbox 117 3121 238 3175; x_wconf 70' lang='lat' dir='ltr'><strong>comitio</strong></span> <span class='ocrx_word' id='word_1_215' title='bbox 253 3120 417 3175; x_wconf 80' lang='lat' dir='ltr'><strong>centuriatis</strong></span> <span class='ocrx_word' id='word_1_216' title='bbox 431 3119 613 3196; x_wconf 85' lang='lat' dir='ltr'><strong>eligerentur.</strong></span> 
     </span>
    </p>

    <p class='ocr_par' dir='ltr' id='par_1_14' title="bbox 117 3210 1167 3564">
     <span class='ocr_line' id='line_1_29' title="bbox 156 3210 1165 3286; baseline -0.002 -18"><span class='ocrx_word' id='word_1_217' title='bbox 156 3213 399 3286; x_wconf 74' lang='lat' dir='ltr'><strong>competitoribus.</strong></span> <span class='ocrx_word' id='word_1_218' title='bbox 411 3211 513 3268; x_wconf 80' lang='lat' dir='ltr'><strong>Cesari</strong></span> <span class='ocrx_word' id='word_1_219' title='bbox 527 3214 692 3269; x_wconf 85' lang='lat' dir='ltr'><strong>consulatus</strong></span> <span class='ocrx_word' id='word_1_220' title='bbox 704 3216 738 3270; x_wconf 80' lang='lat' dir='ltr'><strong>A.</strong></span> <span class='ocrx_word' id='word_1_221' title='bbox 749 3215 786 3270; x_wconf 91' lang='lat' dir='ltr'><strong>U.</strong></span> <span class='ocrx_word' id='word_1_222' title='bbox 804 3211 861 3284; x_wconf 85' lang='lat'><strong>708</strong></span> <span class='ocrx_word' id='word_1_223' title='bbox 875 3211 906 3266; x_wconf 87' lang='lat' dir='ltr'><strong>in</strong></span> <span class='ocrx_word' id='word_1_224' title='bbox 922 3210 1093 3267; x_wconf 85' lang='lat' dir='ltr'><strong>decennium</strong></span> <span class='ocrx_word' id='word_1_225' title='bbox 1101 3227 1165 3267; x_wconf 87' lang='lat' dir='ltr'><strong>cnm</strong></span> 
     </span>
     <span class='ocr_line' id='line_1_30' title="bbox 118 3301 1167 3380; baseline -0.001 -21"><span class='ocrx_word' id='word_1_226' title='bbox 118 3303 261 3361; x_wconf 85' lang='lat' dir='ltr'><strong>dictatura</strong></span> <span class='ocrx_word' id='word_1_227' title='bbox 275 3304 407 3360; x_wconf 88' lang='lat' dir='ltr'><strong>decretus</strong></span> <span class='ocrx_word' id='word_1_228' title='bbox 422 3303 527 3374; x_wconf 79' lang='lat' dir='ltr'><strong>fuerat,</strong></span> <span class='ocrx_word' id='word_1_229' title='bbox 546 3302 586 3360; x_wconf 85' lang='lat' dir='ltr'><strong>ita</strong></span> <span class='ocrx_word' id='word_1_230' title='bbox 598 3303 697 3380; x_wconf 87' lang='lat' dir='ltr'><strong>utqui</strong></span> <span class='ocrx_word' id='word_1_231' title='bbox 713 3315 813 3379; x_wconf 88' lang='lat' dir='ltr'><strong>postea</strong></span> <span class='ocrx_word' id='word_1_232' title='bbox 826 3304 1005 3360; x_wconf 87' lang='lat' dir='ltr'><strong>consulatum</strong></span> <span class='ocrx_word' id='word_1_233' title='bbox 1021 3301 1167 3376; x_wconf 89' lang='lat' dir='ltr'><strong>petierunt</strong></span> 
     </span>
     <span class='ocr_line' id='line_1_31' title="bbox 118 3393 1166 3472; baseline -0.001 -21"><span class='ocrx_word' id='word_1_234' title='bbox 118 3396 180 3468; x_wconf 87' lang='lat' dir='ltr'><strong>ejus</strong></span> <span class='ocrx_word' id='word_1_235' title='bbox 199 3397 399 3472; x_wconf 80' lang='lat' dir='ltr'><strong>competitores</strong></span> <span class='ocrx_word' id='word_1_236' title='bbox 425 3395 548 3466; x_wconf 81' lang='lat' dir='ltr'><strong>fuerint,</strong></span> <span class='ocrx_word' id='word_1_237' title='bbox 573 3413 608 3452; x_wconf 85' lang='lat' dir='ltr'><strong>ex</strong></span> <span class='ocrx_word' id='word_1_238' title='bbox 630 3397 735 3471; x_wconf 87' lang='lat' dir='ltr'><strong>quibus</strong></span> <span class='ocrx_word' id='word_1_239' title='bbox 757 3398 880 3472; x_wconf 74' lang='lat' dir='ltr'><strong>collegas</strong></span> <span class='ocrx_word' id='word_1_240' title='bbox 901 3395 954 3452; x_wconf 90' lang='lat' dir='ltr'><strong>sibi</strong></span> <span class='ocrx_word' id='word_1_241' title='bbox 972 3413 1025 3451; x_wconf 87' lang='lat' dir='ltr'><strong>suo</strong></span> <span class='ocrx_word' id='word_1_242' title='bbox 1046 3393 1166 3450; x_wconf 87' lang='lat' dir='ltr'><strong>arbitrio</strong></span> 
     </span>
     <span class='ocr_line' id='line_1_32' title="bbox 117 3487 211 3564; baseline 0.021 -22"><span class='ocrx_word' id='word_1_243' title='bbox 117 3487 211 3564; x_wconf 71' lang='lat' dir='ltr'><strong>elegit.</strong></span> 
     </span>
    </p>

    <p class='ocr_par' dir='ltr' id='par_1_15' title="bbox 115 3589 1167 3764">
     <span class='ocr_line' id='line_1_33' title="bbox 163 3589 1167 3667; baseline -0.001 -18"><span class='ocrx_word' id='word_1_244' title='bbox 163 3595 299 3652; x_wconf 69' lang='lat' dir='ltr'><strong>Teneone.</strong></span> <span class='ocrx_word' id='word_1_245' title='bbox 322 3597 359 3653; x_wconf 84' lang='grc' dir='ltr'><strong>Η.</strong></span> <span class='ocrx_word' id='word_1_246' title='bbox 378 3614 402 3653; x_wconf 86' lang='lat' dir='ltr'><strong>e.</strong></span> <span class='ocrx_word' id='word_1_247' title='bbox 417 3597 582 3667; x_wconf 90' lang='lat' dir='ltr'><strong>obtineant,</strong></span> <span class='ocrx_word' id='word_1_248' title='bbox 599 3609 631 3653; x_wconf 89' lang='lat' dir='ltr'><strong>ut</strong></span> <span class='ocrx_word' id='word_1_249' title='bbox 650 3596 724 3667; x_wconf 79' lang='lat' dir='ltr'><strong>Cin,</strong></span> <span class='ocrx_word' id='word_1_250' title='bbox 739 3597 777 3652; x_wconf 83' lang='lat' dir='ltr'><strong>de</strong></span> <span class='ocrx_word' id='word_1_251' title='bbox 796 3596 877 3663; x_wconf 74' lang='lat' dir='ltr'><strong>Fica,</strong></span> <span class='ocrx_word' id='word_1_252' title='bbox 893 3613 932 3664; x_wconf 85' lang='lat' dir='ltr'><strong>rr,</strong></span> <span class='ocrx_word' id='word_1_253' title='bbox 957 3611 990 3664; x_wconf 84' lang='lat'><strong>¹7</strong></span> <span class='ocrx_word' id='word_1_254' title='bbox 1011 3610 1019 3648; x_wconf 80' lang='lat' dir='ltr'><strong>a</strong></span> <span class='ocrx_word' id='word_1_255' title='bbox 1038 3589 1167 3647; x_wconf 73' lang='lat' dir='ltr'><strong>s&#39;l&#39;enuit</strong></span> 
     </span>
     <span class='ocr_line' id='line_1_34' title="bbox 115 3688 695 3764; baseline 0.009 -23"><span class='ocrx_word' id='word_1_256' title='bbox 115 3701 301 3764; x_wconf 79' lang='lat' dir='ltr'><strong>permagnam</strong></span> <span class='ocrx_word' id='word_1_257' title='bbox 319 3688 454 3746; x_wconf 86' lang='lat' dir='ltr'><strong>Sextilius</strong></span> <span class='ocrx_word' id='word_1_258' title='bbox 467 3689 669 3747; x_wconf 67' lang='lat' dir='ltr'><strong>hereditatem.</strong></span> <span class='ocrx_word' id='word_1_259' title='bbox 681 3712 695 3740; x_wconf 78' lang='lat' dir='ltr'><strong>s</strong></span> 
     </span>
    </p>

    <p class='ocr_par' dir='ltr' id='par_1_16' title="bbox 115 3777 1168 3943">
     <span class='ocr_line' id='line_1_35' title="bbox 158 3777 1168 3859; baseline 0.003 -28"><span class='ocrx_word' id='word_1_260' title='bbox 158 3777 388 3853; x_wconf 68' lang='lat' dir='ltr'><strong>Proscnptomm.</strong></span> <span class='ocrx_word' id='word_1_261' title='bbox 412 3781 542 3859; x_wconf 81' lang='lat' dir='ltr'><strong>Intellige</strong></span> <span class='ocrx_word' id='word_1_262' title='bbox 560 3800 577 3839; x_wconf 89' lang='lat' dir='ltr'><strong>a</strong></span> <span class='ocrx_word' id='word_1_263' title='bbox 595 3782 696 3838; x_wconf 83' lang='lat' dir='ltr'><strong>Sulla:</strong></span> <span class='ocrx_word' id='word_1_264' title='bbox 714 3790 818 3837; x_wconf 80' lang='lat' dir='ltr'><strong>contm</strong></span> <span class='ocrx_word' id='word_1_265' title='bbox 835 3777 972 3836; x_wconf 80' lang='lat' dir='ltr'><strong>nefariam</strong></span> <span class='ocrx_word' id='word_1_266' title='bbox 989 3777 1080 3852; x_wconf 71' lang='lat' dir='ltr'><strong>legem</strong></span> <span class='ocrx_word' id='word_1_267' title='bbox 1102 3791 1168 3848; x_wconf 71' lang='lat' dir='ltr'><strong>qun</strong></span> 
     </span>
     <span class='ocr_line' id='line_1_36' title="bbox 115 3868 593 3943; baseline 0.017 -21"><span class='ocrx_word' id='word_1_268' title='bbox 115 3885 134 3922; x_wconf 82' lang='lat' dir='ltr'><strong>a</strong></span> <span class='ocrx_word' id='word_1_269' title='bbox 149 3868 225 3926; x_wconf 89' lang='lat' dir='ltr'><strong>Sulla</strong></span> <span class='ocrx_word' id='word_1_270' title='bbox 239 3873 274 3926; x_wconf 83' lang='grc' dir='ltr'><strong>Δ.</strong></span> <span class='ocrx_word' id='word_1_271' title='bbox 288 3874 324 3929; x_wconf 90' lang='lat' dir='ltr'><strong>U.</strong></span> <span class='ocrx_word' id='word_1_272' title='bbox 338 3872 396 3943; x_wconf 80' lang='lat'><strong>673</strong></span> <span class='ocrx_word' id='word_1_273' title='bbox 414 3874 471 3930; x_wconf 84' lang='lat' dir='ltr'><strong>lata</strong></span> <span class='ocrx_word' id='word_1_274' title='bbox 489 3873 593 3930; x_wconf 81' lang='lat' dir='ltr'><strong>fuerat.</strong></span> 
     </span>
    </p>

    <p class='ocr_par' dir='ltr' id='par_1_17' title="bbox 159 3959 1168 4041">
     <span class='ocr_line' id='line_1_37' title="bbox 159 3959 1168 4041; baseline 0.002 -25"><span class='ocrx_word' id='word_1_275' title='bbox 159 3961 285 4038; x_wconf 77' lang='lat' dir='ltr'><strong>liedege&#39;t.</strong></span> <span class='ocrx_word' id='word_1_276' title='bbox 304 3967 424 4022; x_wconf 84' lang='lat' dir='ltr'><strong>Causam</strong></span> <span class='ocrx_word' id='word_1_277' title='bbox 442 3966 545 4024; x_wconf 87' lang='lat' dir='ltr'><strong>edocet</strong></span> <span class='ocrx_word' id='word_1_278' title='bbox 557 3966 632 4039; x_wconf 88' lang='lat' dir='ltr'><strong>Dio,</strong></span> <span class='ocrx_word' id='word_1_279' title='bbox 649 3985 778 4041; x_wconf 81' lang='lat' dir='ltr'><strong>xnru,p.</strong></span> <span class='ocrx_word' id='word_1_280' title='bbox 795 3966 852 4022; x_wconf 76' lang='lat' dir='ltr'><strong>aad</strong></span> <span class='ocrx_word' id='word_1_281' title='bbox 869 3983 877 4018; x_wconf 84' lang='grc' dir='ltr'>ι</span> <span class='ocrx_word' id='word_1_282' title='bbox 896 3959 1007 4030; x_wconf 60' lang='lat' dir='ltr'><strong>desem</strong></span> <span class='ocrx_word' id='word_1_283' title='bbox 1021 3965 1168 4037; x_wconf 56' lang='lat' dir='ltr'><strong>actuales·</strong></span> 
     </span>
    </p>
   </div>
   <div class='ocr_carea' id='block_1_12' title="bbox 117 4061 1169 4225">
    <p class='ocr_par' dir='ltr' id='par_1_18' title="bbox 117 4061 1169 4225">
     <span class='ocr_line' id='line_1_38' title="bbox 117 4061 517 4132; baseline 0.033 -24"><span class='ocrx_word' id='word_1_284' title='bbox 117 4078 163 4109; x_wconf 71' lang='lat' dir='ltr'><strong>*ros</strong></span> <span class='ocrx_word' id='word_1_285' title='bbox 179 4061 216 4112; x_wconf 73' lang='lat' dir='ltr'><strong>lar</strong></span> <span class='ocrx_word' id='word_1_286' title='bbox 236 4065 347 4132; x_wconf 70' lang='grc' dir='ltr'><strong>μάλιστα</strong></span> <span class='ocrx_word' id='word_1_287' title='bbox 363 4065 402 4119; x_wconf 71' lang='lat' dir='ltr'><strong>tet</strong></span> <span class='ocrx_word' id='word_1_288' title='bbox 412 4063 517 4128; x_wconf 70' lang='grc' dir='ltr'><strong>δικάζοι·</strong></span> 
     </span>
     <span class='ocr_line' id='line_1_39' title="bbox 162 4140 1169 4225; baseline 0.004 -31"><span class='ocrx_word' id='word_1_289' title='bbox 162 4141 320 4202; x_wconf 72' lang='lat' dir='ltr'><strong>Recensum.</strong></span> <span class='ocrx_word' id='word_1_290' title='bbox 331 4147 368 4203; x_wconf 88' lang='lat' dir='ltr'><strong>ll.</strong></span> <span class='ocrx_word' id='word_1_291' title='bbox 378 4167 413 4220; x_wconf 92' lang='lat' dir='ltr'><strong>e.,</strong></span> <span class='ocrx_word' id='word_1_292' title='bbox 427 4159 505 4206; x_wconf 86' lang='lat' dir='ltr'><strong>recte</strong></span> <span class='ocrx_word' id='word_1_293' title='bbox 513 4161 648 4207; x_wconf 84' lang='lat' dir='ltr'><strong>monente</strong></span> <span class='ocrx_word' id='word_1_294' title='bbox 661 4149 769 4225; x_wconf 84' lang='lat' dir='ltr'><strong>lipsio,</strong></span> <span class='ocrx_word' id='word_1_295' title='bbox 782 4167 842 4204; x_wconf 91' lang='lat' dir='ltr'><strong>non</strong></span> <span class='ocrx_word' id='word_1_296' title='bbox 858 4163 955 4203; x_wconf 80' lang='lat' dir='ltr'><strong>sensas</strong></span> <span class='ocrx_word' id='word_1_297' title='bbox 967 4143 1104 4210; x_wconf 75' lang='lat' dir='ltr'><strong>lmunlr&#39;e,</strong></span> <span class='ocrx_word' id='word_1_298' title='bbox 1117 4140 1169 4198; x_wconf 82' lang='lat' dir='ltr'><strong>sed</strong></span> 
     </span>
    </p>
   </div>
   <div class='ocr_carea' id='block_1_13' title="bbox 0 0 1593 5440">
    <p class='ocr_par' dir='ltr' id='par_1_19' title="bbox 0 0 1593 5440">
     <span class='ocr_line' id='line_1_40' title="bbox 0 0 1593 5440; baseline 0 0"><span class='ocrx_word' id='word_1_299' title='bbox 0 0 1593 5440; x_wconf 95' lang='lat' dir='ltr'><strong> </strong></span> 
     </span>
    </p>
   </div>
  </div>
 </body>
</html>
