3098 5446
384 519 385 522 ’
421 527 457 589 la
824 522 855 579 C.
876 523 1054 580 SUETONll

422 648 588 742 cogitaret
614 644 829 740 uolueretque
856 649 989 736 animo,
1015 647 1199 743 quamlibet
1227 671 1409 744 magnum,
1431 648 1458 716 id

423 793 495 838 esse
514 783 781 864 proventurum,
806 767 1054 864 pollicerentur.
1076 775 1120 842 Et
1135 795 1222 840 unus
1238 795 1282 848 ex
1300 769 1459 840 nobilibus

421 890 580 986 captivis,
597 889 781 984 Iosephus,
797 913 903 984 quum
921 892 1141 985 conjiceretur
1159 894 1195 962 in
1211 889 1365 977 vincula,
1385 915 1457 960 oon·

421 1011 622 1082 attentissime
642 1012 859 1100 asseveravit,
880 1011 969 1099 lore,
987 1027 1025 1082 ut
1044 1013 1087 1083 ab
1108 1013 1225 1082 eodem
1244 1007 1337 1082 brevi
1358 1009 1458 1081 solve·
1534 1047 1535 1064 π

416 1148 527 1222 retur,
545 1157 660 1202 rerum
678 1133 747 1227 jam
763 1135 975 1229 imperatore.
994 1135 1027 1207 N
1029 1133 1252 1204 unciabantur
1268 1149 1301 1203 et
1320 1155 1362 1202 ex
1375 1133 1459 1204 Urbe

421 1255 600 1350 presagia,
618 1255 786 1324 Neronem
806 1254 923 1324 diebus
944 1253 1070 1326 ultimis
1100 1256 1266 1325 monitum
1283 1269 1349 1348 'per
1374 1255 1460 1348 quie·
1532 1313 1535 1344 p

421 1391 507 1464 tem,
525 1389 563 1445 ut
587 1385 714 1446 tensam
735 1377 827 1446 lovis
845 1377 977 1472 Optimi
994 1377 1135 1446 Maximi
1151 1401 1170 1444 e
1187 1377 1333 1448 mecurio
1352 1375 1388 1448 in
1405 1374 1462 1443 do·

422 1521 515 1570 mum
532 1499 751 1592 Vespasiani,
766 1513 799 1568 et
817 1498 895 1570 inde
908 1499 942 1567 in
958 1500 1096 1568 Circum
1115 1497 1295 1568 deduceret
1316 1523 1324 1566 ι
1346 1522 1386 1566 ao
1400 1523 1461 1566 non

421 1615 528 1692 multo
547 1634 646 1713 post,
665 1621 800 1689 comitia
818 1618 955 1690 secundi
976 1616 1169 1689 consulatus
1188 1620 1325 1688 ineunte
1340 1617 1462 1702 Galba,

421 1752 567 1808 statuam
585 1738 655 1824 divi
668 1737 748 1810 Julii
761 1739 805 1812 ad
820 1742 994 1810 Orientem
1014 1755 1134 1836 sponte
1147 1763 1343 1810 convenam
1363 1765 1371 1808 :
1387 1742 1463 1809 acie·

420 1883 486 1953 que
501 1859 717 1949 betriac'ensi‚
736 1863 931 1956 priusquam
951 1863 1228 1960 committeretur,
1243 1859 1325 1930 duas
1341 1861 1462 1955 aquilas
1534 1913 1535 1920 κ

425 1982 459 2048 in
481 1997 660 2077 conspectu
681 1983 831 2052 omnium
858 1983 1066 2069 conflixisso5
1092 1984 1247 2076 victaque
1265 1979 1391 2064 altera,
1409 2005 1461 2050 su·

420 2103 612 2195 pervenisse
627 2105 760 2173 tertiam
777 2104 820 2174 ab
832 2102 911 2173 solis
926 2119 1057 2187 exortu,
1067 2127 1106 2172 ac
1123 2103 1292 2174 victricem
1307 2102 1462 2197 abegisse.

469 2225 528 2291 vt.
546 2225 617 2294 Nec
632 2238 745 2294 tamen
765 2227 944 2320 quicquam
964 2225 1219 2312 ammentavit,
1235 2226 1463 2320 promtissimis

420 2358 522 2438 atque
542 2345 643 2414 etiam
660 2347 862 2416 instantibus
879 2348 963 2433 suis,
980 2370 1082 2441 quarn
1095 2343 1291 2414 sollicitatus
1308 2367 1464 2444 quorum·
1534 2375 1535 2434 t

421 2465 498 2534 dam
513 2479 547 2536 ct
560 2467 754 2560 ignotorum
768 2482 801 2536 et
815 2467 1003 2536 &sontium
1017 2465 1159 2536 fortuito
1173 2465 1298 2536 favore.
1316 2468 1463 2538 Moesiaci
1534 2495 1535 2502 ¹

421 2589 585 2656 exercitus
601 2587 681 2657 bina
702 2613 721 2656 e
744 2589 851 2658 tribus
870 2587 1057 2683 legionibus
1076 2585 1207 2675 millia,
1227 2587 1327 2656 missa
1345 2586 1465 2656 auxilio

419 2709 569 2797 Othoni,
590 2725 769 2804 postquam
788 2711 944 2804 ingressis
963 2710 1026 2778 iter
1043 2710 1234 2778 nuntiatum
1254 2723 1324 2796 est,
1343 2710 1463 2778 victum

419 2855 519 2918 eum,
539 2855 578 2898 ac
598 2831 664 2899 vim
683 2832 759 2900 vitre
772 2853 839 2899 suae
853 2827 1019 2918 attulisse,
1036 2827 1143 2899 nihilo
1162 2831 1268 2900 secius
1283 2829 1464 2924 Aquileiam

423 2977 529 3046 usque
547 2967 863 3046 perseveraverunt,
883 2953 977 3046 quasi
997 2953 1125 3021 rumori
1150 2951 1261 3020 minus
1283 2951 1465 3021 crederent
1534 2981 1535 2986 ¹

420 3074 470 3142 lbi
485 3097 546 3166 per
562 3075 770 3142 occasionem
790 3097 829 3142 uc
847 3071 1012 3142 licentiam
1027 3073 1119 3142 omni
1133 3073 1327 3168 rapinarum
1345 3097 1466 3170 genere
1534 3091 1535 3122 ³

418 3194 574 3286 grassati,
592 3217 698 3286 quum
723 3194 904 3280 timerent,
918 3217 966 3262 no
982 3193 1046 3263 sibi
1064 3195 1205 3263 reversis
1225 3193 1397 3265 reddenda
1419 3221 1470 3263 ra·

420 3315 486 3400 tio,
507 3301 553 3382 aci
571 3313 746 3384 subeunda
774 3338 871 3408 poena
895 3329 1001 3401 esset,
1028 3311 1207 3384 consilium
1230 3316 1379 3386 inierunt
1408 3313 1466 3384 cli-

418 3435 517 3529 gandi
535 3435 738 3530 creandique
758 3436 968 3530 imperatoris
987 3461 995 3504 :
1015 3464 1032 3498 u
1045 3436 1166 3530 Neque
1180 3438 1270 3505 enim
1288 3435 1468 3508 deteriores
1534 3419 1535 3426 ἵ

419 3581 489 3625 esse
515 3572 574 3626 atrt
591 3557 796 3652 hispaniensi
816 3557 984 3643 exercitu,
1003 3557 1062 3652 qui
1080 3555 1245 3644 Galbam,
1267 3573 1326 3627 aut
1347 3573 1470 3654 praeto·

419 3679 531 3759 riano,
550 3680 607 3772 qui
627 3679 818 3763 Othonem,
837 3691 895 3746 aut
915 3679 1126 3773 germanico,
1150 3679 1208 3772 qui
1227 3677 1403 3750 Vitellium
1424 3679 1470 3748 fe-

419 3799 581 3867 cissent.»
599 3800 783 3893 Propositis
803 3799 914 3892 itaque
930 3799 1122 3867 nominibus
1141 3797 1326 3894 legatorum
1347 3825 1474 3870 consu·

419 3918 559 4004 larium,
579 3936 663 4014 quot
683 3922 809 4015 ubique
826 3935 906 3990 tunc
924 3937 1040 4009 erant,
1070 3943 1175 4015 quum
1195 3937 1344 4012 ceteros,
1363 3923 1474 3993 alium

421 4040 485 4110 alia
499 4041 541 4112 de
560 4067 678 4130 causa,
697 4043 945 4138 improbarent,
965 4059 999 4112 et
1013 4042 1149 4137 quidam
1170 4067 1190 4113 e
1210 4042 1340 4141 legione
1352 4047 1477 4126 tertia,

420 4189 493 4257 quae
517 4165 578 4234 sub
607 4167 697 4234 exitu
721 4167 866 4237 Neronis
888 4164 1045 4235 translata
1075 4191 1115 4234 ex
1135 4169 1230 4260 Syria
1254 4169 1288 4236 in
1314 4171 1478 4237 Moesiam
