3108 5434
507 521 690 581 TIBERIUS.
1066 523 1117 580 :31

17 715 19 722 .
84 644 138 715 sed
151 645 239 714 vitiis
247 645 493 739 virtutibusque
501 648 625 717 Tiberii
638 649 822 741 perpensis,
832 648 977 742 potiores
990 648 1120 718 duxisse

85 767 221 834 virtutes
243 790 251 832 :
272 767 457 858 praesertim
477 791 582 860 quum
603 783 637 836 et
658 765 878 862 «reipublice
899 791 998 836 causa
1017 767 1121 862 adop-

86 899 152 954 tare
176 909 212 953 se
237 907 361 971 eum,»
380 909 443 979 pro
469 886 628 954 concione
648 887 827 979 juraverit,
846 901 880 955 et
898 886 1044 981 epistolis
1062 887 1122 955 eli-

88 1019 178 1097 quot,
192 1019 233 1074 ut
245 1006 484 1098 peritissimum
496 1008 545 1074 rei
555 1005 726 1094 militaris,
741 1020 845 1100 utque
859 1009 994 1076 unicum
1007 1005 1123 1102 populi

89 1129 212 1196 romani
228 1125 436 1221 presidium,
450 1141 679 1220 prosequatur.
693 1131 744 1198 Ex
757 1129 877 1221 quibus
887 1129 922 1196 in
934 1129 1124 1222 exemplum

89 1271 189 1339 pauca
203 1246 286 1314 bine
298 1245 376 1316 inde
387 1247 511 1339 subjeci
526 1271 535 1313 τ
553 1275 570 1310 u
583 1245 684 1334 Vale,
697 1246 937 1339 jucundissime
949 1247 1076 1337 Tiberi,
1091 1261 1124 1316 ct

88 1365 222 1436 feliciter
239 1391 314 1434 rem
332 1391 429 1462 gere,
449 1365 521 1457 ἐμοὶ
539 1381 594 1436 καὶ
611 1379 680 1446 rate
695 1360 843 1446 Μοῦσαις
861 1377 1052 1460 στρατηγῶν.
1068 1371 1125 1437 Ju-

88 1485 303 1574 cundissimc,
324 1501 372 1575 et,
393 1488 439 1555 ita
460 1489 523 1556 sim
544 1486 636 1572 felix,
655 1490 708 1556 vir
726 1483 922 1575 fortissime,
941 1503 975 1556 et
992 1488 1059 1557 dux
1077 1515 1123 1558 vo·

86 1598 275 1694 μιμῶτατε,
306 1605 415 1675 vale.»
443 1611 506 1694 Et,
531 1607 722 1678 «Ordinem
748 1609 937 1676 aestivorum
965 1605 1123 1678 tuorum!

88 1730 152 1820 Ego
171 1751 271 1812 vero,
292 1728 338 1794 mi
357 1727 489 1816 Tiberi,
514 1743 547 1796 et
569 1729 658 1795 inter
682 1742 733 1795 tot
759 1751 871 1795 rerum
894 1726 1123 1815 difficultates,

88 1855 133 1914 καὶ
153 1839 308 1933 recutitur
328 1843 498 1938 ρᾳθυμίαν
519 1858 577 1917 τῶν
600 1838 860 1938 στρατευομὲνων,
886 1871 954 1913 non
980 1848 1125 1939 potuisse

88 1989 286 2059 quemquam
302 1966 500 2061 prudentius
521 1993 635 2064 gerere
649 1993 701 2055 se,
720 1991 820 2062 quam
837 1979 872 2034 tu
889 1968 1040 2060 gesseris,
1057 1969 1124 2035 exi-

89 2085 190 2154 stimo.
201 2087 247 2156 Hi
261 2111 412 2180 quoque,
426 2088 483 2180 qui
496 2103 604 2156 tecum
621 2089 771 2176 fuerunt,
781 2113 898 2174 ⁸omnes
912 2088 1122 2176 confitentur,

91 2227 217 2272 rusum
237 2203 334 2273 illum
353 2206 388 2274 in
407 2220 439 2274 te
456 2231 553 2301 posse
564 2207 659 2287 dici:

92 2461 98 2468 Ι
201 2397 284 2452 Unus
303 2397 391 2454 homo
409 2398 493 2456 nobis
511 2399 659 2473 vigilando
679 2401 799 2456 restituit
817 2419 885 2456 rem.

87 2568 159 2636 Sive
180 2567 267 2660 quid
290 2566 425 2654 incidit,
452 2567 493 2638 de
518 2593 585 2662 quo
608 2571 651 2637 sit
676 2569 888 2664 cogitandum
915 2569 1123 2662 diligentius,

87 2688 152 2754 sive
178 2685 263 2780 quid
286 2689 494 2773 stomachor,
518 2687 633 2775 valde,
657 2688 784 2756 medius
816 2687 928 2772 fidius,
953 2688 1123 2756 Tiberium

85 2829 194 2874 meum
211 2805 366 2875 desidero
383 2832 391 2874 ε
414 2809 641 2901 succurritque
659 2833 770 2876 versus
787 2805 841 2875 ille
858 2809 1078 2876 Homericus:

201 3020 295 3070 Τούτου
314 3013 340 3069 δ’
357 3020 511 3088 ίσπομίνοιο,
524 3020 566 3072 καὶ
583 3023 609 3072 lu
623 3023 695 3092 πυρὸς
709 3021 842 3088 αἰθομένοιο

198 3101 279 3181 drapo
296 3111 472 3182 νοστήσαιμιν,
490 3111 541 3164 ἐπεὶ
560 3115 613 3182 πέρι
633 3106 684 3164 sidu
702 3119 795 3170 νοῆσαι.

80 3288 307 3355 Attenuatum
324 3302 357 3354 te
373 3311 443 3356 esse
456 3289 706 3356 continuatione
721 3285 890 3372 laborum,
909 3313 1012 3380 quum
1024 3287 1123 3356 audio

77 3419 111 3472 et
127 3403 224 3499 lego,
243 3406 290 3474 dii
306 3431 360 3474 me
375 3407 531 3500 perdant,
549 3408 611 3475 uisi
630 3408 831 3476 cohorrescit
848 3431 968 3500 corpus
987 3431 1121 3475 meum:

79 3538 180 3617 teque
202 3551 304 3620 rogo,
328 3541 367 3594 ut
390 3549 506 3619 pareas
522 3527 582 3594 tibi
603 3551 611 3594 τ
632 3551 689 3615 ne,
709 3528 735 3594 si
758 3541 790 3594 te
809 3525 966 3621 languere
983 3526 1125 3597 audieri-

74 3669 178 3731 mus,
195 3660 231 3714 et
247 3669 310 3740 ego
329 3661 363 3714 et
378 3661 485 3714 mater
502 3660 559 3714 tun
573 3648 798 3740 exspiremus,
814 3661 847 3715 et
864 3645 905 3714 de
921 3671 1050 3718 summa
1066 3649 1125 3715 im·

73 3767 165 3856 perii
192 3767 249 3833 sui
275 3764 420 3859 populus
446 3789 602 3834 romanus
621 3765 833 3859 periclitetur.
853 3768 949 3836 Nihil
969 3769 1124 3853 interest,

72 3883 213 3954 valeam
242 3885 312 3979 ipse
336 3909 397 3954 neo
416 3910 475 3972 ne,
503 3887 531 3954 si
555 3900 592 3955 tu
616 3911 683 3954 non
706 3885 839 3956 valebis.
859 3893 948 3957 Deos
968 3888 1124 3970 obsecro,

69 4022 110 4072 ut
129 4021 170 4076 te
188 4006 286 4074 uobis
302 4021 513 4092 conservent,
530 4021 563 4074 et
578 4005 688 4074 valere
705 4031 796 4077 nunc
812 4023 846 4077 et
860 4031 988 4100 semper
999 4008 1126 4100 patiun-

72 4139 147 4209 tur,
169 4128 203 4192 si
220 4149 290 4192 nou
308 4123 468 4219 populum
486 4149 659 4194 romanum
676 4130 785 4220 perosi
803 4141 889 4196 sunt.
908 4155 924 4191 o

946 4271 978 4340 9.
