3164 5442
441 533 497 588 ns
896 527 1009 580 NOTAE

481 646 636 700 Hortalum.
651 645 694 698 De
712 659 770 714 quo
790 641 894 708 Tacit,
916 641 1036 703 Arnai,
1053 655 1092 706 ιι,
1115 637 1149 704 37
1167 656 1173 689 :
1188 636 1304 708 «Nepos
1317 647 1377 690 eret
1391 637 1461 692 Hor.

440 737 537 804 lensii,
558 735 666 790 illectus
683 751 698 787 a
718 735 752 788 D.
771 735 902 803 Auguste
924 728 1090 784 liberalitate
1104 727 1196 782 decies
1209 727 1341 796 sestertii,
1364 729 1462 784 ducere

441 846 574 895 uxorem,
588 825 728 900 suscipere
744 823 862 890 liberos,
876 839 912 876 ne
925 820 1074 875 clarissima
1088 817 1191 873 familia
1205 819 1435 894 exstingueretur.
1451 847 1461 868 ι

480 933 545 985 Cae.
572 928 707 984 XLVIII.
738 928 904 980 insularum.
933 923 1011 994 Quid
1044 921 1149 976 luerint
1179 922 1280 976 ιἰιιιιὶιε
1311 923 1378 978 vide
1404 942 1462 996 sup.
1571 981 1572 1000 2

442 1022 528 1087 Cres„
544 1041 601 1076 xer.

480 1124 621 1180 Restituto.
642 1124 732 1192 vett,
749 1142 787 1192 rr,
810 1123 863 1178 130
887 1141 893 1175 :
912 1123 997 1192 aQua
1016 1117 1196 1188 liberalitate,
1214 1137 1302 1191 quum
1322 1120 1390 1174 alias
1407 1131 1464 1174 tum

441 1213 569 1288 proxime
581 1213 697 1270 incenso
713 1224 809 1268 monte
826 1211 931 1281 Caelio,
945 1209 1036 1265 omnis
1051 1207 1159 1263 ordinis
1176 1209 1322 1263 hominum
1334 1209 1465 1280 jacturae,

440 1302 612 1376 patrimonio
626 1303 750 1357 occurrit
763 1321 825 1360 suo.
841 1327 853 1351 ι»
867 1301 909 1358 Cf.
926 1305 1042 1368 Tacta,
1061 1300 1183 1363 Arreni,
1201 1317 1241 1366 iv,
1256 1300 1307 1368 64,
1320 1310 1349 1354 et
1362 1303 1466 1370 Dion,

441 1410 529 1464 avrti,
546 1411 574 1466 p.
589 1392 655 1450 638.

479 1495 657 1552 Colioeorerrt.
672 1496 775 1566 Tacit,
789 1499 892 1551 Armet.
900 1536 909 1562 ‚
926 1513 965 1566 rr,
982 1513 1014 1563 ¹7
1031 1513 1038 1548 :
1055 1493 1127 1549 «Ad
1141 1493 1198 1548 hoc
1214 1503 1325 1548 senatus
1337 1495 1467 1567 prascri-

438 1597 547 1660 pserat,
561 1585 632 1641 duas
649 1585 771 1660 quisque
788 1586 904 1641 faenoris
923 1595 1017 1658 partes
1031 1584 1060 1638 in
1083 1583 1156 1659 agris
1174 1603 1227 1658 per
1242 1584 1351 1640 ltaliam
1373 1587 1465 1639 eollo-

439 1687 547 1733 earet.»

475 1782 603 1838 laeserit.
618 1783 685 1837 Non
697 1780 758 1854 ipse
777 1790 871 1836 autem
881 1781 978 1853 jussit,
992 1790 1020 1836 at
1033 1791 1159 1849 senatus,
1171 1789 1244 1836 auct.
1258 1773 1363 1850 Tacit,
1379 1786 1466 1846 Aram,

439 1891 480 1942 rr,
497 1874 533 1938 64
550 1892 556 1925 :
573 1871 750 1928 «Adduntur
763 1871 922 1941 sententia,
934 1882 968 1928 ut
983 1890 1065 1927 mons
1085 1869 1189 1926 Coelius
1208 1870 1237 1924 in
1250 1881 1395 1944 posterum
1405 1875 1467 1926 Au-

437 1974 535 2036 gustus
548 1965 744 2037 appellaretur.
758 1987 770 2012 ι

475 2068 639 2141 Duplieata.
664 2068 711 2123 Ad
736 2069 976 2141 comprimendam
1006 2069 1127 2123 militum
1156 2067 1331 2124 seditionem.
1361 2071 1469 2137 Tacit,

436 2162 542 2214 Annei.
551 2198 561 2225 ,
577 2177 604 2229 1,
627 2157 663 2216 36
681 2179 688 2213 ι
704 2161 868 2216 «volutatis
881 2161 955 2216 iuter
972 2179 1001 2216 se
1020 2160 1192 2230 rationibus,
1210 2162 1345 2234 placitum
1358 2173 1390 2217 ut
1404 2165 1468 2236 epi-

436 2249 513 2306 stolar
539 2249 655 2306 nomine
679 2250 815 2323 principis
842 2251 1061 2308 scriberentur...
1084 2253 1190 2325 legata,
1209 2270 1272 2326 qnae
1293 2253 1469 2326 petiverant,

435 2340 542 2396 exsolvi
556 2339 761 2415 duplicarique.
777 2365 790 2392 s

476 2448 608 2520 Excepta
625 2449 706 2502 Asia.
721 2447 816 2502 Asiam
839 2447 914 2502 enim
934 2449 1106 2517 sublevavit,
1130 2458 1190 2505 test.
1214 2449 1401 2518 Oros.,v11,
1424 2457 1438 2513 4
1461 2469 1468 2502 :

437 2541 533 2595 -Sane
552 2539 624 2595 Asiae
646 2540 773 2595 civitates
794 2539 842 2596 illo
863 2551 943 2596 terra
964 2552 1042 2597 motu
1061 2541 1169 2596 dirutas
1176 2581 1185 2610 ,
1205 2541 1315 2596 tributo
1336 2540 1470 2608 dimisso,

435 2631 550 2706 propria
570 2631 654 2687 etiam
667 2631 833 2688 liberalitate
846 2632 971 2690 donarit.
983 2657 996 2684 s

475 2735 565 2790 Motu.
584 2737 628 2792 De
640 2736 697 2792 hoc
709 2737 796 2806 Plin,
811 2755 852 2806 ιι,
872 2736 909 2804 84
929 2757 935 2792 :
957 2738 1122 2794 «Maximus
1140 2747 1219 2793 terra
1237 2739 1372 2796 memoria
1389 2759 1469 2794 mor-

436 2828 534 2884 talium
554 2827 659 2884 exstitit
676 2839 785 2898 motus,
802 2828 909 2884 Tiberii
925 2830 1039 2886 Caesaris
1051 2831 1228 2904 principatu,
1242 2831 1396 2888 duodecim
1417 2849 1468 2886 ur-

435 2918 518 2975 bibus
531 2918 603 2975 Asiae
617 2937 673 2974 una
686 2929 770 2974 nocte
782 2919 938 2992 prostratis.
949 2945 961 2970 ι

476 3025 540 3078 Cte.
555 3023 662 3078 XLIX.
686 3027 837 3097 Artgurem.
855 3025 967 3094 Senee.,
985 3027 1022 3079 de
1037 3023 1136 3094 Berreji
1146 3065 1155 3090 ,
1178 3044 1217 3095 ιι,
1231 3043 1267 3095 ²7
1284 3029 1376 3082 :«Cn.
1394 3029 1466 3082 Len·

437 3115 511 3168 tulus
535 3133 636 3190 augur,
665 3113 826 3170 divitiarum
849 3114 1001 3170 maxinmm
1019 3117 1192 3188 exemplum,
1212 3126 1366 3190 antequam
1390 3117 1465 3172 illum

435 3204 560 3258 libertini
582 3221 737 3276 pauperem
760 3205 884 3260 lacerent
898 3203 959 3282 (hie
979 3217 1080 3281 quater
1099 3207 1197 3262 millies
1210 3208 1368 3262 sestertium
1387 3227 1465 3264 suum

436 3291 518 3370 vidit)
533 3293 638 3369 ingenii
650 3295 703 3350 fuit
717 3301 774 3350 tam
787 3295 901 3368 sterilis,
916 3315 1002 3370 quam
1014 3297 1109 3370 pusilli
1125 3297 1218 3352 animi.
1235 3323 1248 3349 ι

476 3386 624 3458 Lepidam.
639 3387 673 3440 t.
684 3387 720 3440 U.
737 3386 801 3456 773.
818 3387 995 3458 Ci.Tsc1·r.,
1011 3390 1115 3442 Annei.
1124 3427 1133 3453 ‚
1149 3407 1203 3458 ιιι,
1217 3406 1262 3443 aa.
1278 3391 1353 3445 Hine
1369 3391 1464 3465 proavi

436 3486 529 3544 erant,
544 3495 629 3549 super
645 3477 823 3532 AEmiliorum
840 3477 941 3546 decus,
955 3480 987 3534 1..
1002 3479 1079 3533 Sulla
1098 3495 1130 3534 ao
1150 3479 1200 3534 Cu.
1218 3481 1380 3553 Pompeius.

477 3567 654 3638 Corfiscaeos.
671 3569 705 3623 11.
720 3586 744 3622 e.
759 3567 896 3641 spoliatos
907 3569 963 3624 suis
979 3569 1061 3625 honis
1069 3611 1077 3638 ‚
1093 3589 1155 3642 quae
1168 3569 1311 3643 publicata
1321 3573 1463 3644 adfircrrrn

436 3657 529 3712 delata
543 3658 661 3714 fuerant.

477 3749 626 3806 Haberent.
643 3750 747 3820 Tacit,
764 3756 884 3818 Annei,
899 3770 945 3822 rr,
963 3755 996 3808 16
1011 3770 1019 3806 t
1034 3777 1046 3801 ι
1057 3754 1167 3808 Interea
1183 3772 1283 3826 magna
1297 3755 1339 3809 vis
1352 3773 1464 3810 aecusa-

436 3850 531 3896 torum
544 3840 573 3894 in
586 3859 635 3896 eos
647 3840 765 3914 irrupit,
776 3843 826 3916 qui
839 3843 972 3915 pecunias
992 3845 1099 3898 loenore
1113 3844 1304 3912 auctitabant,
1318 3845 1464 3900 adversum

437 3931 526 4007 legem
543 3930 688 3987 dictatoris
707 3934 833 4004 Cesar-is,
853 3953 909 4008 qua
930 3933 966 3990 de
983 3933 1071 3990 modo
1084 3934 1228 4002 credendi,
1244 3935 1465 4008 possidendique

437 4020 509 4075 intra
518 4019 627 4075 ltaliam
640 4034 764 4093 cavetur,
780 4025 908 4079 omissam
922 4025 989 4080 olim
1005 4024 1072 4098 quia
1084 4026 1196 4098 privato
1210 4025 1272 4080 usui
1289 4025 1395 4080 bonum
1405 4041 1466 4095 pu-

436 4109 540 4164 blicum
565 4116 775 4185 postponitur.»
794 4115 871 4184 Quid
884 4117 936 4170 bac
958 4119 1018 4189 lege
1037 4116 1171 4170 sancitum
1191 4115 1274 4170 fuerit
1293 4115 1374 4168 docet
1393 4113 1466 4178 Dio,
