3098 5446
539 437 658 494 TITUS.
911 435 915 444 ’
1083 442 1119 516 59
1177 433 1181 440 ⁸

92 559 149 628 lato
166 557 239 628 dari
251 589 291 642 ,s
308 560 430 658 siquid
448 576 607 658 praeterea
624 561 863 651 desiderarent,
878 566 1076 660 promittens
1088 589 1122 636 se

90 679 287 750 tributurum
316 707 324 747 :
350 695 383 750 et
401 681 573 752 confestim
594 681 728 775 quidem
749 683 945 754 adulterius
966 665 1122 772 matrem,

89 798 292 896 que.procul
309 799 444 900 aberat,
468 825 711 898 cursores-suos
728 803 839 886 misit,
858 806 916 900 qui
936 806 1042 876 anxie
1060 803 1123 874 sal-

90 943 162 988 vum
177 919 286 995 filiurn
306 924 515 994 nunciarent.
536 927 692 994 Ceterum
708 925 797 1020 ipsos
814 951 881 997 non
901 923 1010 996 solum
1030 925 1124 994 sami·

90 1037 157 1110 liari
175 1065 280 1114 coenae
298 1040 469 1128 adhibuit,
486 1043 543 1114 sed
564 1059 597 1114 et
620 1045 807 1139 insequenti
833 1046 884 1116 die
901 1043 1123 1141 gladiatorum

89 1160 273 1254 spectaculo
293 1164 378 1235 circa
397 1190 432 1232 se
452 1189 492 1236 ex
521 1163 682 1238 industria
710 1164 893 1252 collocatis,
920 1163 1031 1237 oblata
1058 1165 1122 1240 sibi

86 1279 281 1354 ferramenta
308 1287 530 1380 pugnantium
564 1285 767 1381 inspicienda
795 1288 952 1381 porrexit.
986 1286 1123 1356 Dicitur

85 1404 198 1492 etiam,
216 1406 350 1500 cognita
367 1405 539 1502 utriusque
552 1409 724 1501 genitura,
738 1437 755 1472 a
770 1408 945 1476 imminere
958 1407 1122 1478 ambobus

85 1523 307 1617 periculum»
324 1525 523 1600 affirmasse:
534 1527 900 1622 «verumquandoque,
911 1528 995 1601 etab
1008 1526 1074 1596 alio
1088 1553 1095 1596 ι
1107 1557 1124 1592 a

83 1645 165 1714 sicut
183 1649 304 1716 evenit.
322 1651 494 1739 Fratrem,
510 1650 658 1720 insidiari
680 1651 741 1720 sibi
759 1675 828 1720 non
847 1650 1050 1720 desinentem
1066 1647 1123 1719 sed

81 1791 173 1858 pene
191 1793 233 1838 ex
262 1771 412 1865 professo
440 1770 672 1842 sollicitantem
701 1774 884 1858 exercitus,
908 1770 1122 1840 meditantem

81 1889 215 1985 fugam,
235 1915 297 1960 nec
324 1891 493 1976 occidere,
514 1917 622 1987 neque
638 1916 815 1987 seponere,
833 1917 871 1962 ac
891 1916 931 1961 ne
944 1893 1124 1960 inminere

80 2011 217 2102 quidem
235 2011 362 2082 honore
376 2013 497 2084 habere
514 2015 673 2083 sustinuit
690 2039 697 2082 :
717 2012 795 2098 sed,
810 2027 879 2082 uta
896 2015 1006 2109 primo
1023 2013 1125 2106 impe·

80 2132 118 2198 rii
135 2130 215 2218 die,
236 2148 422 2202 consortem
443 2158 732 2228 successoremque
751 2135 865 2202 testari
885 2131 1124 2228 perseveravit;

78 2277 323 2346 nonnunquam
346 2269 472 2324 secreto
498 2255 651 2349 precibus
679 2270 711 2322 ct
730 2253 883 2348 lacrymis
910 2279 1025 2340 orans,
1056 2265 1125 2320 aut

77 2372 214 2442 tandem
233 2389 350 2443 mutuo
368 2399 447 2468 erga
464 2399 499 2444 se
515 2376 627 2444 animo
649 2372 748 2443 vellet
768 2399 848 2443 esse.
865 2403 882 2438 s

121 2496 167 2562 X.
186 2497 284 2562 Inter
305 2495 374 2563 haec
393 2509 502 2562 morte
515 2509 702 2588 preventus
720 2508 790 2581 est,
806 2494 933 2587 majore
948 2493 1122 2562 hominum
1189 2539 1197 2552 -

73 2615 224 2700 damno,
251 2639 350 2708 quam
378 2640 448 2684 suo.
478 2612 679 2710 Spectaculis
706 2612 886 2702 absolutis,
917 2615 949 2680 in
978 2639 1122 2707 quorum

71 2735 139 2804 fine
163 2733 299 2832 populo
324 2760 437 2804 coram
462 2735 604 2804 ubertim
627 2734 781 2824 fleverat,
804 2734 944 2804 Sabinos
965 2735 1046 2828 petit
1062 2731 1122 2802 ali·

71 2873 207 2948 quanto
223 2857 363 2942 tristior,
378 2855 469 2950 quod
482 2856 679 2926 sacrificanti
696 2856 803 2926 hostia
820 2854 1007 2950 aufugerat,
1021 2855 1127 2950 quod·

68 3004 136 3072 que
161 2993 367 3073 tempestate
381 3001 497 3048 serena
512 2993 674 3048 tonuerat.
695 2977 825 3048 Deinde
841 2977 883 3046 ad
901 2979 1042 3072 primam
1061 2991 1124 3047 sta·

68 3102 127 3168 tim
150 3100 368 3169 mansionem
386 3099 504 3168 sebrim
522 3115 658 3186 nactus,
674 3123 777 3193 quum
796 3097 874 3168 inde
888 3097 1003 3168 lectica
1020 3114 1126 3168 trans·

68 3221 246 3308 serretur,
276 3221 460 3313 suspexisse
494 3219 616 3289 dicitur
649 3218 783 3288 dimotis
808 3217 950 3315 plagulis
981 3217 1124 3308 coelum,

64 3340 295 3435 multumque
316 3355 532 3435 conquestus,
562 3341 677 3434 «eripi
705 3341 767 3409 sibi
795 3341 896 3408 vitam
927 3342 1123 3409 immerenti.

64 3465 194 3558 Neque
227 3463 317 3530 enim
338 3476 466 3531 exstare
484 3460 589 3531 ullum
615 3486 711 3530 suum
733 3460 856 3529 factum
876 3459 1125 3555 poenitendum,

63 3600 222 3680 excepto
237 3582 400 3651 duntaxat
414 3608 492 3652 nno.
507 3611 523 3646 s
537 3581 576 3652 ld
591 3580 688 3675 quale
705 3580 818 3668 suerit,
832 3606 940 3674 neque
958 3582 1027 3675 ipse
1045 3595 1125 3649 tunc

60 3704 255 3800 prodidit,
272 3728 380 3797 neque
398 3705 553 3797 cuiquam
570 3701 664 3771 facile
684 3716 866 3771 succurrat.
884 3700 1030 3790 Quidam
1052 3702 1125 3794 opi-

60 3842 224 3909 nantur,
244 3823 520 3894 consuetudinem
536 3823 762 3910 recordatum,
785 3847 884 3918 quam
911 3846 988 3890 cum
1012 3820 1123 3889 fratris

56 3972 172 4017 uxore
195 3945 370 4014 habuerit.
391 3943 456 4014 Sed
477 3941 600 4013 nullam
620 3944 792 4029 habuisse,
816 3957 987 4036 persancte
1008 3941 1124 4010 Domi-

56 4069 100 4138 tia
113 4067 272 4163 Jurabat
287 4090 295 4132 :
312 4064 400 4134 haud
419 4080 592 4160 negatura,
608 4065 634 4132 si
652 4089 717 4156 qua
733 4064 869 4131 omnino
882 4061 1011 4147 fnisset3
1022 4062 1124 4128 immo
