3138 5438
469 518 499 572 c.
517 517 647 574 iunius
662 521 801 578 cusin.
1117 549 1151 600 ,7

1 629 2 650 ³
106 641 175 707 sine
187 640 428 733 jurejurando,
443 641 657 711 denuntiaret
674 643 863 716 delaturum
878 673 913 717 se
930 673 1051 720 nomen
1065 655 1151 746 ejus,

107 755 259 827 simulac
276 759 428 852 primum
447 761 628 829 exercitum
646 761 841 851 dimisissct3
861 791 1031 861 quumque
1050 771 1151 866 vulgo

106 875 176 944 fore
193 877 436 970 praedicarent,
451 891 487 944 ut
504 879 532 945 si
549 879 698 971 privatus
715 879 876 969 redisset,
886 884 1022 955 Milonis
1038 911 1149 958 exem-

106 994 162 1088 plo
177 995 428 1088 'circumpositis
448 997 584 1064 armatis
605 1022 735 1066 causam
755 1001 844 1092 apud
863 1002 991 1093 judices
1013 1005 1146 1079 diceret.

106 1113 207 1200 Quod
230 1112 439 1206 probabilius
461 1111 540 1182 facit
562 1115 696 1184 Asinius
717 1115 843 1205 Pollio,
864 1121 1054 1193 Pharsalica
1081 1131 1148 1199 acie

105 1257 204 1301 mos
216 1233 477 1327 profligatosque
489 1232 691 1302 adversarios
703 1237 975 1328 prospicientem,
988 1242 1058 1312 haec
1070 1269 1146 1316 eum

104 1351 305 1420 adverbum
319 1351 440 1419 dixisse
457 1351 601 1420 referens
614 1377 622 1419 :
636 1355 712 1422 Hoc
727 1354 901 1424 nouerant
914 1383 924 1425 :
938 1362 1040 1430 tanus
1054 1363 1150 1434 rebus

100 1473 205 1564 gestis
227 1472 267 1540 C.
291 1471 412 1539 Coesar
433 1469 675 1540 condemnatus
696 1495 822 1558 essem,
846 1477 916 1544 nesi
936 1477 981 1546 ab
1002 1483 1150 1554 exercitu

104 1589 275 1658 milium
304 1593 487 1684 petiissem.
520 1589 668 1676 Quidam
701 1605 822 1681 putant
854 1609 987 1687 captum
1020 1600 1148 1694 imperii

104 1707 365 1792 consuetudine,
383 1707 619 1800 pensitatisque
637 1708 704 1776 suis
723 1723 757 1778 et
775 1711 984 1782 inimicorum
1004 1717 1146 1806 viribus,

103 1851 201 1895 usum
233 1827 418 1895 occasione
440 1825 605 1918 rapiendae
636 1826 891 1916 dominationis,
924 1857 1022 1924 quam
1053 1851 1148 1906 aetatc

103 1947 212 2040 prima
233 1945 454 2036 concupisset.
481 1941 582 2031 Quod
612 1946 814 2014 existimasse
842 1948 1017 2020 videbatur
1039 1969 1072 2022 et
1093 1957 1148 2026 Ci-

101 2089 197 2150 cero,
217 2063 369 2133 scribens
385 2061 429 2130 de
447 2063 578 2153 Officiis
595 2064 694 2131 tertio
711 2063 819 2152 libro,
837 2091 967 2162 semper
984 2073 1144 2142 Caesercm

99 2186 138 2251 in
164 2208 223 2252 ore
251 2182 406 2250 habuisse
430 2179 598 2273 Euripidis
625 2201 761 2268 versus,
785 2208 868 2274 quos
896 2189 943 2255 sic
967 2189 1036 2282 ipse
1066 2216 1146 2260 con·

99 2303 230 2372 vertit:

197 2495 273 2548 Nam
286 2491 311 2547 si
325 2446 492 2548 violandum
508 2501 550 2548 est
560 2491 622 2564 jus,
634 2493 775 2566 regnandi
791 2495 881 2567 gretia

195 2583 374 2640 Violandum
386 2592 428 2638 est
441 2602 448 2636 :
462 2581 524 2638 aliis
537 2583 622 2638 rebus
635 2583 770 2657 pietatem
787 2587 871 2640 colas.

145 2771 276 2838 xm.
302 2769 418 2855 Quum
436 2791 517 2860 ergo
534 2765 695 2834 sublatam
710 2767 922 2836 tribunorum
937 2770 1142 2843 intercessio·

94 2913 200 2973 nem,
225 2887 376 2980 ipsosque
401 2886 483 2954 urbe
506 2885 641 2954 cessisse
661 2887 851 2953 nuntiatum
874 2901 944 2973 est,
967 2893 1141 2982 praemissis

92 3006 277 3075 confestim
293 3003 377 3072 clam
395 3003 607 3088 cohortibus,
626 3027 668 3071 ue
687 3027 753 3096 qua
772 3004 915 3097 suspicio
933 3022 1139 3096 moveretur,

92 3141 123 3195 et
145 3122 345 3220 spectaculo
364 3121 499 3216 publico
520 3147 578 3216 per
599 3121 896 3191 dissimulationem
920 3125 1086 3213 interfuit,
1107 3142 1139 3195 et

89 3245 265 3328 form,
295 3266 359 3334 qua
387 3239 504 3309 ludum
533 3239 766 3334 gladiatorium
797 3255 869 3308 erat
895 3241 1137 3332 aedificaturus,

89 3361 341 3446 consideravit,
359 3375 398 3428 et
418 3383 458 3427 ex
479 3359 722 3428 consuetudine
741 3359 893 3426 convivio
916 3383 950 3427 se
972 3359 1137 3452 frequenti

88 3481 202 3550 dedit.
219 3480 304 3546 Dein
317 3493 390 3570 post
405 3476 483 3546 solis
496 3501 665 3564 occasum,
680 3475 778 3544 mulis
794 3501 812 3544 e
829 3477 981 3569 proximo
997 3480 1136 3570 pistrino

87 3601 131 3668 ad
148 3596 346 3666 vehiculum
361 3598 507 3690 junctis,
526 3595 786 3666 occultissimum
805 3597 867 3664 iter
888 3595 1019 3664 modico
1035 3601 1135 3664 comi-

87 3733 162 3787 tatu
174 3719 344 3810 ingressus
355 3731 403 3784 est
416 3741 425 3784 ε
439 3729 473 3782 et
487 3739 592 3807 quum
605 3713 786 3783 luminibus
800 3715 969 3784 exstinctis
981 3714 1135 3782 decessis-

83 3853 136 3905 set
155 3839 232 3922 vis,
247 3835 305 3903 diu
320 3834 542 3921 errabundus,
557 3833 689 3902 tandem
706 3832 748 3900 ad
766 3823 871 3902 lucem
889 3833 970 3900 duce
986 3847 1132 3926 reperto,

82 3981 146 4050 per·
157 3954 413 4050 augustissimos
426 3954 575 4022 tramites
588 3953 727 4046 pedibus
739 3955 857 4038 evasit3
870 3966 1132 4044 consecutusque

1 4111 2 4134 i
80 4078 247 4143 cohortes
264 4073 305 4141 ad
321 4073 529 4142 Rubiconem
547 4071 687 4158 flumen,
703 4072 760 4162 qui
777 4070 954 4162 provinciae
970 4070 1041 4161 ejus
1057 4069 1131 4136 finis

946 4213 964 4254 2
