3114 5446
506 531 688 586 TIBERIUS.
1054 541 1104 602 15,

80 657 199 726 recenti
223 656 407 723 atrocitate.
429 655 515 722 Nam
543 679 645 747 quum
666 658 949 728 senatusconsulto
974 683 1107 734 cautum

80 791 176 866 esset,
194 791 234 846 ut
259 799 358 870 poena
379 773 609 843 damnatorum
627 776 662 842 in
688 774 854 846 decimum
873 803 1004 874 semper
1022 785 1107 856 diem

80 897 277 980 differretur,
291 892 522 982 forteaccidit,
538 908 576 960 ut
587 894 806 987 quorumdam
825 898 976 993 supplicii
996 904 1064 974 dies
1081 909 1108 976 is

82 1031 176 1104 esset,
192 1039 262 1108 quo
281 1014 474 1110 nunciatum
493 1011 535 1080 de
552 1013 686 1112 Tiberio
704 1028 785 1082 erat.
806 1020 875 1086 Hos
896 1021 1108 1114 implorantes

83 1137 251 1206 hominnm
268 1133 383 1221 fidem,
398 1135 493 1228 quia,
510 1133 644 1201 absente
656 1132 765 1204 adhuc
780 1138 881 1228 Caio,
895 1165 993 1210 nemo
1003 1159 1108 1214 exsta-
1190 1159 1196 1166 “

83 1256 147 1342 bat,
165 1257 225 1348 qui
243 1253 328 1324 adiri
348 1250 615 1346 interpellarique
634 1269 758 1346 posset,
779 1258 950 1348 custodes,
968 1265 1106 1356 nequid

84 1375 232 1444 adversus
251 1373 468 1442 constitutum
483 1371 646 1460 lacerent,
659 1374 969 1468 strangulaverunt,
983 1382 1108 1474 abjece-

83 1507 218 1586 runtque
234 1493 269 1560 in
282 1491 471 1562 Gemonias.
489 1491 601 1560 Crevit
617 1492 720 1584 igitur
737 1493 877 1582 invidia,
895 1499 987 1590 quasi
1004 1501 1104 1568 etiam

84 1627 148 1705 post
160 1625 306 1680 mortem
318 1612 448 1704 tyranni
465 1611 588 1680 saevitia
601 1627 823 1704 permanente.
837 1617 967 1708 Corpus
979 1632 1016 1686 ut
1035 1643 1107 1687 mo·

84 1733 143 1798 veri
160 1755 180 1798 a
195 1731 329 1800 Miseno
345 1731 458 1824 ooepit,
477 1728 761 1802 conclamantibus
778 1730 964 1828 plerisque,
988 1738 1106 1806 «Atel-

85 1850 140 1918 lam
162 1851 275 1945 ponus
295 1849 524 1934 deferendum,
541 1865 576 1917 et
595 1850 629 1918 in
649 1852 903 1943 Amphitheatro
928 1856 1106 1926 semiustu-

85 1969 255 2056 landum,»
272 1973 414 2040 Romam
431 1993 491 2063 per
510 1967 630 2036 milites
653 1967 865 2062 deportatum
883 1988 951 2061 est,
977 2000 1104 2044 crema-

86 2105 212 2186 tumque
229 2089 366 2184 publico
386 2090 510 2158 funere.
1160 2069 1164 2078 ¹

125 2212 278 2280 Lxxvt.
301 2211 550 2279 Testamentum
564 2207 686 2303 duplex
694 2223 770 2278 ante
784 2211 955 2280 biennium
966 2212 1105 2284 lecerat:

85 2328 216 2398 altemm
229 2353 309 2413 sua,
324 2327 464 2396 alterum
480 2327 589 2396 liberti
600 2352 715 2416 manu,
732 2329 789 2397 sed
805 2330 918 2400 codem
936 2332 1105 2426 exemplo;

84 2425 372 2544 obsignaueratque
388 2449 486 2518 etiarn
509 2445 773 2516 humillimorum
794 2450 905 2542 signis.
931 2454 981 2520 Eo
1008 2439 1107 2520 testa·

86 2585 189 2638 mento
205 2567 343 2637 heredes
359 2568 462 2658 aequis
479 2567 628 2659 partibus
646 2565 796 2657 reliquit,
816 2569 935 2636 Caium
955 2592 994 2636 ex
1019 2573 1104 2638 Ger·

84 2690 223 2774 manico,
242 2701 278 2756 et
296 2686 465 2753 Tiberium
485 2709 524 2752 ex
547 2687 674 2770 Druso,
693 2699 844 2776 nepotes;
869 2685 1106 2777 substituitque

83 2807 226 2874 invicem.
245 2803 348 2874 Dedit
356 2819 389 2872 et
403 2802 509 2895 legata
523 2801 708 2896 plerisque:
722 2804 809 2870 inter
824 2826 907 2894 quos
921 2803 1106 2894 virginibus

82 2925 281 3011 Vestalibus,
292 2921 349 2992 sed
365 2937 398 2991 et
416 2919 576 2990 militibus
593 2920 769 3006 universis,
787 2919 941 3012 plebique
959 2944 1104 2988 romana

81 3044 221 3128 viritim,
237 3057 335 3136 atque
351 3043 450 3110 etiam
469 3041 644 3134 separatim
661 3025 809 3108 uicorum
828 3039 1001 3133 magistris.
