3114 5446
429 487 483 546 160
826 491 856 547 c.
877 489 1052 547 sunroun
1108 471 1111 476 ’

426 615 488 684 nisi
507 640 546 684 ex
565 629 638 685 tuto
653 641 803 687 ausurus.
825 613 890 686 Sed
912 629 945 686 et
959 614 1227 710 tempestatibus,
1250 627 1285 684 et
1304 615 1456 710 ingrave-

425 749 536 804 scente
551 737 583 804 vi
594 735 700 805 morbi
714 749 879 821 retentus,
896 731 1008 828 paullo
1017 748 1092 828 post
1101 733 1185 802 obiit
1196 735 1230 804 in
1244 731 1323 804 villa
1333 734 1457 806 Lucul-

426 853 518 940 lana,
537 871 655 925 octavo
671 870 705 924 et
727 856 969 950 septuagesimo
985 855 1091 923 aetatis
1110 878 1216 942 anno,
1237 855 1336 924 tertio
1357 869 1391 924 et
1407 855 1457 922 vi-

402 976 548 1044 ·cesimo
573 975 720 1070 imperii,
743 975 885 1069 septimo
911 974 1041 1044 decimo
1065 970 1220 1042 kalendas
1239 971 1370 1068 aprilis,
1393 977 1456 1044 Cn.

424 1096 607 1165 Acerronio
616 1093 772 1182 Proculo,
783 1097 821 1166 C.
840 1095 961 1164 Pontio
970 1093 1130 1188 Nigrino,
1141 1091 1342 1163 consulibus.
1354 1097 1457 1181 Sunt,

424 1216 482 1308 qui
496 1230 629 1309 putent,
649 1239 814 1284 venenum
831 1217 862 1285 ei
878 1237 898 1282 a
914 1215 995 1286 Caio
1013 1211 1129 1282 datum
1145 1209 1272 1282 lentum
1290 1227 1390 1308 atque
1409 1229 1457 1284 ta·

425 1336 571 1406 bilicum.
589 1336 673 1422 Alii,
689 1336 725 1404 in
748 1335 940 1404 remissione
960 1333 1105 1404 fortuitae
1125 1333 1224 1404 febris
1241 1334 1352 1402 cibum
1370 1334 1456 1404 desi·

426 1455 555 1524 deranti
574 1471 756 1550 negatum:
774 1451 945 1542 nonnulli,
962 1451 1138 1548 pulvinum
1154 1453 1330 1546 injectum,
1352 1480 1457 1548 quum

425 1591 608 1645 extractum
621 1575 684 1644 sibi
699 1573 865 1643 deficienti
883 1571 1021 1641 anulum
1041 1596 1119 1641 mox
1138 1573 1331 1666 resipiscens
1347 1575 1457 1668 requi·

425 1697 528 1766 sisset.
550 1699 673 1766 Seneca
693 1717 770 1763 eum
791 1693 924 1778 scribit,
943 1689 1111 1762 intellecta
1130 1685 1326 1781 delectione,
1347 1717 1457 1762 exem-

425 1831 498 1886 tum
505 1813 657 1903 anulum,
668 1814 762 1906 quasi
772 1811 872 1880 alicui
882 1794 1285 1906 traditurum,parumper
1295 1814 1456 1882 tenuisse:

426 1935 503 2004 dein
517 1959 633 2004 rursus
649 1946 778 2028 aptasse
795 1931 914 2025 digito,
928 1944 977 2016 et,
993 1953 1179 2024 compressa
1194 1931 1326 2000 sinistra
1337 1956 1458 2021 mauu,

422 2056 563 2149 jacuisse
575 2053 633 2122 diu
652 2050 855 2122 immobilem
867 2049 997 2120 :subito
1010 2052 1134 2119 vocatis
1152 2051 1324 2139 ministris,
1342 2075 1382 2121 ac
1400 2079 1459 2122 ne·

426 2175 515 2244 mine
533 2171 768 2266 respondente,
788 2171 1048 2258 consurrexisse,
1066 2193 1126 2239 uec
1143 2168 1259 2266 procul
1278 2195 1298 2239 a
1314 2168 1459 2264 lectulo,

427 2291 654 2362 deficientibus
672 2290 813 2378 viribus,
830 2289 1020 2360 concidisse.

474 2414 629 2482 LXXIV.
654 2413 815 2506 Supremo
832 2409 933 2479 natali
953 2435 1015 2480 suo
1031 2407 1219 2505 Apollinem
1236 2412 1461 2502 Temenitem,

426 2546 460 2602 et
475 2529 702 2625 amplitudinis
722 2545 756 2599 et
772 2530 852 2599 artis
867 2531 1009 2618 eximite,
1025 2529 1199 2600 advectum
1217 2529 1402 2623 Syracusis,
1422 2550 1464 2602 ut

427 2654 462 2722 in
481 2649 682 2720 bibliotheca
701 2647 818 2744 templi
834 2651 912 2718 novi
932 2663 1127 2744 poneretur,
1144 2648 1273 2718 viderat
1290 2675 1351 2746 per
1368 2653 1465 2745 quie-

426 2785 493 2842 tem
513 2769 734 2840 affirmantem
755 2769 834 2858 sihi,
850 2770 953 2838 «Nou
969 2793 1062 2863 posse
1076 2791 1111 2836 se
1128 2766 1171 2835 ab
1189 2769 1260 2862 ipso
1278 2768 1463 2839 dedicari.»

426 2896 469 2962 Et
491 2905 568 2962 ante
588 2915 729 2986 paucos,
751 2913 851 2982 quam
873 2889 1003 2979 obiret,
1026 2890 1094 2958 dies
1117 2890 1221 2960 turris
1243 2889 1343 2958 Phari
1366 2905 1464 2958 terrae

426 3025 521 3080 motu
540 3011 675 3104 Capreis
693 3008 848 3078 concidit.
870 3011 920 3078 Ac
936 3010 1057 3078 Miseni
1074 3011 1156 3078 cinis
1173 3034 1191 3078 e
1207 3007 1318 3078 favilla
1335 3023 1370 3076 et
1385 3033 1464 3078 car·

426 3129 587 3214 boribus,
609 3128 651 3196 ad
675 3127 913 3196 calfaciendum
940 3125 1120 3196 triclinium
1141 3127 1254 3216 illatis,
1276 3128 1464 3196 exstinctus

427 3263 461 3317 et
473 3249 542 3342 jam
558 3247 615 3316 diu
632 3245 772 3341 frigidus
785 3247 905 3315 exarsit
919 3259 1054 3340 repente
1070 3248 1177 3338 prima
1189 3271 1340 3340 vespera,
1359 3262 1467 3342 atque

427 3368 462 3436 iu
481 3365 620 3436 multam
634 3379 765 3436 noctem
783 3367 995 3460 pertinaciter
1012 3363 1107 3434 luxit.

474 3488 613 3556 LXXV.
631 3489 742 3556 Morte
759 3486 830 3578 ejus
845 3486 890 3552 ita
906 3482 1034 3553 laetatus
1050 3499 1099 3553 est
1112 3483 1271 3578 populus,
1288 3499 1325 3553 ut
1337 3484 1381 3553 ad
1395 3489 1469 3579 pri·

427 3629 520 3676 mum
541 3607 701 3674 nuncium
721 3605 958 3691 discurrentes,
977 3628 1070 3696 pars,
1095 3604 1290 3673 «Tiberium
1309 3606 1344 3672 in
1362 3606 1468 3674 Tibe-

425 3727 533 3815 rim,s
551 3723 776 3810 clamitarent3
792 3749 870 3818 pars
887 3726 1050 3791 «Terram
1066 3739 1206 3792 matrem
1222 3722 1367 3817 deosque
1385 3727 1467 3794 Ma·

425 3869 484 3914 nes
502 3857 648 3931 orarent,
665 3868 707 3912 ne
722 3859 857 3912 mortuo
873 3842 984 3912 sedem
1004 3842 1123 3932 ullam,
1138 3844 1201 3911 nisi
1217 3844 1304 3912 iuter
1323 3844 1466 3938 impios,

426 3963 542 4033 darent
552 3989 590 4032 :s
607 3961 663 4032 alii
684 3987 807 4035 uncrun
824 3977 858 4032 et
878 3965 1056 4032 Gemonias
1072 3963 1222 4032 cadaveri
1237 3964 1465 4052 minarentur,

426 4083 608 4152 exacerbati
629 4107 728 4176 super
752 4083 946 4150 memoriam
966 4081 1111 4175 pristinas
1131 4081 1334 4151 crudelitatis
1357 4085 1466 4151 etiam
