3098 5446
451 542 468 594 8
863 535 893 590 C.
916 533 1094 592 SUETONII

452 669 639 764 provincias
661 663 768 732 edicta
792 660 939 750 dimisit,
966 674 1083 729 auctor
1104 659 1242 754 singulis
1267 663 1463 754 universisque
1537 745 1538 762 ,

452 785 665 882 conspirandi
694 779 813 870 simul,
837 796 871 850 et
894 795 953 870 ut,
976 805 1043 874 qua
1069 795 1179 874 posset
1204 783 1340 874 quisque
1363 806 1462 875 opera,

451 929 660 977 communem
683 926 816 972 causam
837 899 1007 994 juvarent.
1026 902 1089 969 Per
1107 900 1285 970 idem'fere
1306 915 1420 994 tempus
1439 903 1465 968 in

451 1027 639 1096 munitione
655 1021 785 1119 oppidi,
799 1021 889 1115 quod
906 1019 1017 1090 sedem
1033 1018 1123 1090 bello
1139 1019 1322 1116 delegerat,
1338 1036 1466 1115 repertus

452 1162 501 1218 est
521 1143 664 1215 annulus
680 1167 780 1238 opere
795 1143 949 1235 antiquo,
968 1139 1137 1234 sculptura
1156 1165 1292 1235 gemmae
1308 1143 1467 1212 Victoriam
1537 1215 1538 1236 ,

452 1292 529 1338 cum
550 1280 675 1360 tropaeo
696 1263 912 1358 exprimente.
932 1265 981 1332 Ac
999 1261 1139 1330 subinde
1162 1259 1372 1330 alexandrina
1393 1261 1469 1328 navis
1537 1307 1538 1364 ,

452 1390 630 1456 Dertosam
642 1381 794 1478 appulit,
811 1383 912 1450 armis
927 1396 1064 1468 onusta,
1076 1382 1148 1449 sine
1163 1381 1399 1474 gubernatore,
1414 1381 1471 1448 sine
1537 1373 1538 1438 Ϊ

452 1520 555 1576 nauta
574 1529 614 1573 ac
633 1517 766 1571 vectore
785 1499 1069 1569 [illuminemini
1087 1499 1227 1569 dubium
1245 1511 1347 1584 esset,
1363 1501 1472 1593 justum
1537 1475 1538 1492 ,

452 1628 632 1722 piumque,
651 1637 684 1692 et
705 1621 893 1691 faventibus
916 1619 999 1708 diis,
1017 1618 1140 1690 bellum
1161 1622 1303 1715 suscipi;
1319 1644 1416 1714 quum
1435 1643 1474 1686 re·

452 1761 552 1843 pente
569 1771 610 1814 ex
627 1745 801 1838 inopinato
822 1767 927 1837 prope
953 1757 1074 1811 cuncta
1094 1741 1226 1811 turbata
1249 1757 1338 1812 sunt.
1357 1739 1475 1811 illarum
1537 1829 1538 1834 ἵ

427 1897 434 1902 ·
453 1865 557 1936 altera
583 1866 700 1934 castris
725 1864 1065 1958 appropinquantem,
1087 1865 1279 1955 poenitentia
1302 1863 1415 1930 mutati
1436 1885 1478 1928 sa·

453 1987 633 2070 cramenti,
652 1984 832 2086 destituere
850 1997 969 2051 conata
986 1997 1055 2070 est,
1072 2007 1223 2078 mgreque
1241 1997 1370 2053 retenta
1387 1985 1420 2052 in
1438 1979 1479 2049 ol·
1537 1981 1538 1994 ¹

452 2106 529 2175 licio
562 2130 570 2172 :
600 2118 634 2172 et
664 2104 770 2184 servi,
799 2125 901 2195 quos,
928 2127 947 2170 a
975 2100 1094 2170 liberto
1118 2104 1261 2172 Neronis
1280 2103 1326 2172 ad
1348 2100 1479 2170 fraudem
1537 2149 1538 2168 1

452 2237 672 2319 praeparatos,
693 2223 823 2290 muneri
841 2237 1031 2313 acceperat,
1051 2247 1112 2316 per
1130 2224 1347 2318 angiportum
1365 2225 1396 2290 in
1414 2219 1483 2289 bali-

454 2369 532 2414 neas
557 2357 784 2412 transeuntem
808 2367 900 2435 paene
924 2343 1185 2431 interemerunt,
1201 2344 1269 2412 nisi
1293 2340 1483 2413 cohortanti·

453 2465 517 2533 bus
531 2464 688 2549 invicem,
703 2487 745 2530 ne
759 2465 966 2532 occasionem
984 2463 1190 2546 omitterent,
1203 2465 1485 2559 interrogatisque,

454 2585 495 2653 de
513 2607 580 2679 qua
595 2584 768 2679 occasione
782 2581 1011 2675 loquerentur,
1029 2607 1183 2677 expressa
1202 2585 1357 2653 cruciatu
1377 2580 1488 2653 confes·
1515 2603 1520 2616 ¹

452 2708 502 2776 sio
515 2720 611 2773 esset.

503 2827 564 2894 XI.
585 2828 733 2894 Accessit
751 2823 794 2892 ad
810 2839 902 2892 tanta
924 2823 1114 2894 discrimina
1135 2849 1225 2894 mors
1246 2826 1421 2909 Vindicis,
1437 2846 1491 2916 qua

455 2947 598 3014 maxime
612 2958 858 3030 consternatus,
876 2943 1100 3038 destitutoque
1116 2944 1251 3030 similis,
1272 2971 1345 3016 non
1361 2943 1494 3014 multum

456 3066 584 3151 abfuit,
603 3067 684 3158 quin
703 3067 782 3133 vitae
796 3066 1016 3134 renunciaret.
1039 3065 1102 3133 Sed
1125 3053 1440 3159 supervenientibus
1461 3063 1494 3131 ab

455 3188 549 3258 Urbe
584 3187 734 3273 nunciis,
765 3201 803 3254 ut
830 3188 978 3254 occisum
1010 3188 1200 3272 Neronem,
1229 3204 1440 3282 cunctosque
1470 3187 1497 3252 in

455 3307 555 3376 verba
579 3331 637 3374 sua
659 3307 811 3400 jurasse,
836 3308 1015 3401 coguovit,
1038 3307 1187 3401 deposita
1210 3305 1336 3403 legati,
1363 3307 1499 3400 suscepit

454 3427 594 3496 Caesaris
605 3425 860 3521 appellationem
877 3428 1030 3520 :iterque
1047 3429 1216 3520 ingressus
1233 3443 1283 3497 est
1303 3425 1500 3524 paludatus,

456 3573 494 3616 ac
515 3546 721 3642 dependente
745 3573 764 3616 a
791 3547 975 3616 cervicibus
998 3549 1142 3642 pugione
1169 3563 1247 3617 ante
1274 3565 1420 3643 pectus;
1451 3571 1504 3615 nec

456 3671 550 3762 prius
570 3693 668 3738 usum
685 3684 770 3763 togae
786 3669 1018 3762 recuperavit,
1036 3693 1137 3762 quam
1155 3667 1347 3764 oppressis,
1373 3671 1432 3764 qui
1452 3692 1503 3735 uo·

458 3813 515 3858 vas
535 3813 587 3858 res
607 3787 842 3875 moliebantur,
866 3787 1020 3881 prefecto
1040 3790 1185 3882 praetorii
1211 3791 1431 3885 Nymphidio
1456 3791 1507 3856 Sa·

457 3910 557 3992 bino,
571 3913 704 3997 Rornae,
717 3910 752 3976 in
767 3909 966 3994 Germania,
977 3909 1116 3976 Fonteio
1130 3911 1319 4004 Capitone3
1336 3914 1374 3980 in
1387 3910 1496 3981 Africa
1502 3957 1511 3993 ,

457 4028 577 4097 Clodio
591 4031 728 4114 Macro,
746 4027 870 4123 legatis.

508 4152 585 4216 ΧΠ.
606 4151 815 4218 Praecesserat
833 4149 873 4218 de
886 4176 924 4218 eo
940 4151 1025 4220 fama
1044 4154 1175 4221 saevitiae
1193 4151 1291 4220 simul
1314 4167 1427 4247 atque
1445 4173 1515 4218 ava-
