3098 5446
93 569 1108 603 mwvmmmmmmmmm

349 801 834 912 VESPASIANUS.
854 897 858 908 .

529 1089 663 1110 u—Q-

81 1292 103 1356 l.
128 1233 376 1360 Runanntona
391 1289 492 1356 trium
507 1288 701 1381 principum
722 1303 755 1357 et
774 1289 1044 1362 caedeinoertum
1058 1293 1116 1365 diu

80 1425 108 1479 et
123 1412 214 1504 quasi
235 1433 357 1505 vagum
381 1409 561 1502 imperium
585 1411 730 1504 suscepit
752 1409 961 1507 firmavitque
980 1415 1115 1485 tandem
1214 1459 1218 1468 ‚

80 1555 150 1626 gens
165 1529 280 1632 Flavia
295 1556 303 1598 ε
320 1511 460 1598 obscura
475 1525 531 1598 illa
549 1529 702 1623 quidem,
717 1533 840 1638 ussine
856 1531 933 1601 ullis
950 1537 1115 1630 majorum

78 1651 283 1756 imaginibus,
311 1650 367 1719 sed
400 1665 513 1718 tamen
541 1648 733 1744 reipublicae
760 1677 973 1748 nequaquam
1004 1660 1113 1752 poeni-

77 1771 330 1858 tenda;constet
348 1769 444 1856 licet,
465 1771 699 1840 Domitianum
715 1771 908 1867 cupiditatis
924 1799 965 1844 ae
982 1779 1113 1847 saevitia

76 1892 185 1960 merito
213 1871 331 1986 poenus
364 1888 473 1958 luisse.
505 1892 600 1958 Titus
628 1889 761 1958 Flavius
789 1895 912 1978 Petro,
941 1897 1115 1992 municeps

73 2013 243 2100 Reatinus,
265 2010 353 2081 beiio
377 2009 468 2080 civili
492 2011 775 2104 Pompeianarum
792 2015 940 2106 partium
959 2019 1113 2087 centurio

73 2157 110 2200 an
124 2149 297 2222 evocatus,
317 2131 466 2228 profugit
491 2155 532 2200 ex
553 2130 740 2226 pharsalica
756 2133 840 2220 acie,
857 2132 1064 2232 domumque
1077 2163 1113 2209 se

71 2253 230 2322 contulit:
251 2254 310 2321 ubi
328 2251 463 2334 deinde,
486 2253 582 2320 venia
601 2266 634 2319 ct
656 2252 811 2322 missione
831 2253 1033 2350 impetrata,
1053 2283 1113 2328 co·

69 2375 207 2444 actiones
228 2375 436 2470 argentarias
460 2371 631 2440 factitavit.
654 2373 764 2465 Hujus
784 2371 886 2456 filius,
908 2379 1112 2470 cognomine

70 2495 222 2582 Sabinus,
237 2519 356 2588 expers
372 2491 499 2561 militiae
511 2491 591 2587 (etsi
604 2491 741 2585 quidam
758 2516 834 2560 eum
854 2493 1113 2589 primipilarem

66 2593 236 2704 nonnulli,
259 2640 363 2709 quum
384 2615 493 2682 adhuc
510 2612 645 2682 ordines
661 2611 818 2701 duceret,
836 2631 1047 2685 sacramento
1061 2643 1113 2686 so-

63 2732 163 2805 lutum
178 2761 243 2832 per
257 2761 390 2806 causam
409 2733 628 2818 valetudinis,
646 2732 822 2826 tradunt),
841 2731 1012 2826 publicum
1029 2761 1111 2830 qua-

64 2854 257 2951 dragesimae
276 2859 310 2924 in
329 2857 405 2926 Asia
426 2856 516 2950 egit;
546 2853 793 2946 manebantque
813 2855 1006 2949 imaginesa
1026 2859 1108 2926 civi·

60 2977 178 3046 tatibus
190 2980 223 3047 ei
239 2979 357 3073 positae
373 2976 435 3045 sub
446 2977 510 3044 hoo
525 2973 634 3060 titulo,
653 2993 770 3040 xtunz
782 2993 1030 3043 summissum.
1044 2981 1109 3048 Po·

61 3111 121 3166 stea
139 3097 242 3168 fenus
273 3096 363 3193 apud
388 3094 553 3165 Helvetios
571 3073 738 3185 exercuit,
759 3096 871 3190 ibique
895 3097 984 3165 diem
1005 3098 1109 3186 obiit,

59 3220 295 3310 superstitibus
329 3242 433 3287 uxore
464 3219 623 3316 Vespasia
652 3215 761 3304 Polla,
783 3232 816 3285 et
842 3216 972 3300 duobus
997 3245 1041 3289 ex
1069 3247 1109 3291 ea

57 3334 164 3408 tiberis
184 3366 194 3409 ε
214 3363 362 3433 quorum
384 3339 492 3433 major
517 3339 659 3405 Sabinus
679 3336 721 3404 ad
740 3336 970 3432 praefecturam
988 3342 1109 3428 Urbis,

58 3459 163 3528 minor
195 3460 426 3555 Vespasianus
460 3459 503 3526 ad
534 3459 758 3553 principatum
793 3482 899 3552 usqne
931 3463 1103 3554 processit.

53 3578 158 3668 Polla,
178 3583 318 3654 Nursiae
338 3581 480 3650 honesto
503 3605 626 3675 genere
646 3595 737 3666 orta,
754 3593 883 3673 patrem
901 3581 1020 3649 habuit
1035 3585 1105 3652 Ve·
1150 3655 1158 3666 ,

52 3701 198 3792 spasium
218 3699 423 3788 Pollionem,
443 3717 493 3769 ter
517 3701 689 3769 tribunum
710 3697 872 3788 militum,
896 3701 1103 3794 praefectum·

49 3845 111 3912 que
135 3837 355 3908 castrorum,
373 3822 510 3892 fratrem
527 3836 713 3890 senatorem
735 3822 897 3916 praetoriae
922 3820 1103 3914 dignitatis.

47 3943 156 4012 Locus
170 3946 282 4012 etiam
296 3969 385 4013 nunc
400 3942 442 4012 ad
456 3958 583 4013 sextum
602 3941 796 4012 milliarium
811 3949 831 4010 a'
846 3942 970 4012 Nursia
985 3939 1103 4036 Spole·

49 4063 126 4133 tium
152 4065 321 4136 euntibus
348 4066 383 4133 in
412 4080 524 4134 monte
549 4089 680 4134 summo
702 4061 890 4159 appellatur
907 4062 1101 4156 Vespasiae3

47 4184 97 4251 ubi
124 4165 379 4280 Vespasiorum
406 4183 579 4280 complura
610 4197 826 4254 monumenta
852 4197 999 4269 exstant,
1030 4206 1102 4250 rna·
