3138 5438
459 557 488 606 C.
509 554 635 610 JULIUS
651 555 788 612 CAESAR.
1101 577 1132 613 ar

103 669 272 737 tumultus
300 689 547 759 numeraverat,
575 677 688 743 vicena
712 677 814 746 millia
839 705 1010 748 nummum
1040 678 1139 750 dedit.

102 789 293 881 Assignavit
315 803 348 856 et
373 813 489 882 agros,
513 791 568 858 sed
592 817 657 860 non
686 797 878 876 continuos,
904 799 1038 890 nequis
1063 793 1138 892 pos-

104 931 273 976 sessorum
302 907 530 1000 expelleretur.
557 910 684 1004 Populo
709 927 827 1005 praeter
852 914 1006 984 frumeuti
1035 916 1138 986 denos

105 1025 256 1111 modios,
275 1051 313 1093 ac
336 1026 475 1095 totidem
497 1027 559 1096 olei
582 1029 698 1115 libras,
720 1045 870 1100 trecenos
890 1057 1022 1124 quoque
1041 1059 1138 1102 num·

104 1169 200 1230 mos,
222 1169 307 1236 quos
330 1144 496 1238 pollicitus
519 1145 597 1215 olim
620 1161 708 1232 erat,
732 1149 854 1216 viritim
876 1149 1001 1238 divisit3
1023 1165 1056 1218 et
1077 1153 1140 1220 boc

103 1262 270 1356 amplius,
291 1279 447 1332 centenos
470 1290 531 1357 pro
552 1289 653 1333 mora.
674 1269 828 1333 Annuam
848 1267 945 1335 etiam
964 1269 1139 1337 habitatio-

104 1407 185 1450 nem
197 1387 311 1450 Romae
325 1383 483 1475 usquead
499 1383 577 1452 bina
592 1382 694 1451 millia
710 1407 899 1472 nummum,
916 1387 950 1452 in
964 1384 1058 1454 Italia
1072 1411 1138 1455 non

104 1501 199 1570 ultra
227 1505 409 1595 quingenos
439 1503 600 1571 sestertios
624 1503 757 1570 remisit.
786 1502 914 1595 Adjecit
940 1501 1075 1596 epulum
1101 1529 1139 1572 ac

103 1623 370 1705 eviscerationem,
384 1635 417 1687 et
430 1634 505 1713 post
517 1621 762 1713 Hispaniensem
776 1621 946 1690 victoriam
957 1621 1025 1690 duo
1040 1646 1138 1715 pran-

102 1739 172 1807 dia.
195 1743 283 1808 Nam
300 1762 402 1829 quum
418 1738 508 1830 prius
525 1763 639 1831 parce,
661 1737 770 1830 neque¹
789 1763 851 1830 pro
868 1737 1061 1806 liberalitate
1079 1763 1138 1808 sua

102 1857 284 1950 praebitum
303 1854 484 1947 judicaret,
503 1857 620 1947 quinto
638 1871 711 1949 post
731 1854 784 1923 die
805 1854 895 1924 aliud
918 1855 1137 1950 largissimum

102 1975 260 2066 praebuit.

153 2095 314 2160 XXXIX.
342 2092 454 2162 Edidit
469 2093 653 2185 spectacula
668 2097 749 2163 varii
765 2099 892 2189 generis
910 2123 917 2162 :
934 2121 1055 2164 munus
1072 2094 1139 2188 gla-

101 2212 308 2296 diatorium
324 2209 420 2280 ludos
435 2213 532 2280 etiam
548 2215 741 2306 regionatim
758 2215 839 2282 urbe
856 2229 938 2300 tota,
955 2230 988 2282 et
1004 2213 1137 2306 quidem

101 2355 165 2422 per
182 2331 332 2398 omnium
346 2329 533 2423 linguarum
544 2331 737 2415 histriones3
753 2333 829 2397 item
840 2333 1025 2416 Circenses,
1037 2329 1138 2398 athle-

101 2467 175 2534 tas,
205 2450 443 2518 naumachiam.
471 2452 611 2516 Munere
636 2451 668 2515 iu
696 2450 768 2517 soro
792 2449 993 2543 depugnavit
1019 2451 1137 2517 Furius

1 2595 2 2598 ¹
101 2570 289 2661 leptinus,
320 2569 419 2658 stirpe
451 2569 623 2659 praetoria,
654 2581 687 2634 et
717 2569 761 2655 Q.
792 2567 978 2659 Calpenus,
1007 2582 1138 2635 senator

99 2685 295 2779 quondam,
318 2699 472 2776 actorque
494 2709 678 2752 causarum.
700 2683 915 2776 Pyrrhioham
936 2683 1137 2752 saltaverunt

100 2808 189 2874 llsiae
204 2803 431 2896 Bithyniaque
446 2804 634 2896 principum
653 2799 758 2896 liberi.
776 2801 880 2870 Ludis
899 2803 1054 2869 Decimus
1071 2805 1135 2868 Le-

99 2924 230 3006 berius,
249 2945 349 3012 eques
366 2945 539 3006 romanus,
553 2922 690 2988 mimum
712 2944 809 2987 suum
825 2921 891 3011 egit
907 2919 1137 3010 :donatusque

98 3041 293 3132 quingentis
308 3040 464 3106 sestertiis
477 3053 510 3106 et
523 3039 648 3108 annulo
658 3063 774 3125 aureo,
787 3061 911 3106 sessum
929 3038 961 3104 in
979 3051 1136 3129 quatuor-

98 3161 206 3228 decim
238 3184 259 3227 e
287 3183 384 3228 scena
416 3183 475 3252 per
505 3160 707 3228 orchestram
738 3160 876 3226 transiit.
907 3157 1135 3244 Circensibus,

99 3279 208 3370 spatio
235 3277 317 3344 circi
343 3277 384 3345 ab
410 3291 549 3369 utraque
574 3293 667 3370 parte
693 3277 875 3370 producto,
900 3290 933 3342 et
958 3277 991 3342 in
1018 3299 1135 3370 gyrum

97 3400 217 3490 euripo
236 3395 373 3480 addito,
394 3395 570 3489 quadrigas
591 3396 748 3489 bigasque
765 3410 798 3462 et
818 3419 920 3487 equos
939 3393 1136 3462 desultorios

98 3519 313 3608 agitaverunt
329 3513 523 3580 nobilissimi
539 3513 686 3605 juvenes.
705 3515 838 3606 Trojam
854 3513 930 3580 lusit
949 3527 1057 3582 turma
1076 3511 1136 3578 du·

97 3633 191 3726 plez,
201 3634 369 3724 majorum
381 3631 613 3724 minorumque
627 3655 817 3724 puerorum.
831 3633 1029 3698 Venationes
1042 3629 1136 3696 editae

97 3777 160 3844 per
183 3751 253 3820 dies
276 3752 445 3843 quinque,
470 3775 508 3818 ao
534 3751 709 3820 novissime
734 3773 846 3843 pugna
870 3747 973 3817 divisa
998 3750 1030 3815 in
1055 3746 1136 3814 duas

95 3873 205 3954 πίω
228 3871 405 3964 quingenis
429 3870 613 3963 peditibus,
639 3869 821 3961 elephantis
846 3869 984 3954 vicenis,
1007 3867 1136 3934 tricenis

95 3991 266 4082 equitibus
284 3990 363 4058 hinc
379 4003 413 4056 et
432 3989 509 4056 inde
525 3990 714 4057 commissis.
733 3991 820 4058 Nam
836 4011 903 4079 quo
922 3983 1026 4054 laxius
1043 3983 1138 4050 dimi·

4 4157 5 4164 .
96 4123 250 4192 caretur,
267 4109 407 4178 sublatae
424 4121 534 4194 metm,
554 4110 654 4201 inque
672 4132 785 4176 earum
806 4107 914 4176 locum
934 4104 1010 4173 bine
1032 4117 1137 4172 cestro
