3108 5434
413 445 467 485 soa
810 429 840 484 C.
861 427 1035 488 SUETONII

334 572 340 583 ·
410 549 613 644 nucibusque
636 545 770 618 ludebat
794 573 869 618 cum
893 551 1003 645 pueris
1025 549 1178 635 minutis,
1195 571 1277 640 quos
1300 545 1383 616 facie
1398 559 1432 614 et

411 665 605 762 garrulitate
637 665 792 736 amabiles
825 667 971 760 undique
1002 666 1235 760 conquirebat,
1267 663 1431 758 precipue

409 785 544 854 Mauros
559 799 592 852 et
608 787 716 878 Syros.
736 787 821 856 Nam
839 783 997 880 pumilos,
1013 800 1112 877 atque
1127 781 1297 874 distortos,
1315 796 1349 850 ct
1364 805 1434 850 om-

411 926 468 970 nes
484 904 610 1000 generis
626 903 787 1000 ejusdem,
805 919 842 971 ut
860 903 1000 974 ludibria
1016 917 1142 972 naturae
1157 900 1299 994 malique
1314 899 1433 972 ominis
1522 987 1523 992 ἵ

410 1021 618 1092 abhorrebat.

456 1143 643 1210 LXXXIV.
670 1139 898 1234 Eloquentiam
919 1141 1092 1234 studiaque
1115 1137 1261 1210 liberalia
1279 1138 1321 1208 ab
1340 1149 1434 1208 aetate

410 1259 516 1352 prima
542 1272 575 1328 et
599 1258 717 1352 cupide
743 1274 777 1328 et
803 1259 1053 1330 laboriosissime
1076 1259 1230 1328 exercuit
1254 1257 1434 1326 Mutinensi

409 1373 514 1462 bello,
534 1377 568 1442 in
587 1389 677 1443 tanta
697 1375 783 1445 mole
801 1403 931 1465 rerum,
949 1393 982 1446 et
1000 1375 1132 1472 legisse,
1152 1390 1186 1444 et
1203 1375 1385 1467 scripsisse,
1402 1387 1435 1442 et

411 1491 609 1560 declamasse
633 1493 780 1585 quotidie
806 1495 958 1566 traditur.
982 1497 1068 1568 Nam
1093 1493 1244 1586 deinceps
1268 1515 1375 1584 neque
1401 1492 1435 1558 in

411 1623 546 1698 senatu,
566 1634 672 1704 neque
690 1611 778 1710 apud
797 1611 975 1710 populum,
995 1637 1101 1704 neque
1122 1611 1209 1706 apud
1233 1609 1370 1698 milites,
1391 1608 1439 1678 lo-

410 1744 507 1797 cutus
522 1743 571 1797 est
587 1754 753 1822 unquam,
772 1731 833 1798 nisi
851 1731 1006 1800 meditata
1023 1745 1056 1802 et
1072 1731 1253 1822 composita
1270 1729 1437 1808 oratione.

410 1853 559 1944 quamvis
574 1875 640 1922 non
658 1851 853 1922 deficeretur
866 1851 907 1920 ad
920 1851 1027 1920 subita
1042 1849 1256 1946 extemporali
1272 1847 1436 1918 facultate.

411 1972 458 2038 Ac
473 1993 515 2036 ne
530 1968 715 2061 periculum
730 1969 893 2038 memoriae
909 1967 1029 2056 adiret,
1044 1983 1102 2041 aut
1119 1971 1152 2042 in
1169 1967 1341 2042 ediscendo
1357 1973 1439 2036 tem·

411 2111 474 2180 pus
493 2086 694 2174 absumeret,
715 2089 857 2156 instituit
873 2089 1009 2156 recitare
1026 2088 1147 2158 omnia.
1166 2089 1336 2156 Semnones
1352 2110 1438 2177 quo-
1498 2177 1500 2182 ι

411 2229 476 2295 que
493 2228 568 2272 cum
584 2202 737 2300 singulis,
753 2221 852 2298 atque
867 2208 964 2274 etiam
979 2230 1055 2274 cum
1071 2207 1163 2274 Livia
1179 2230 1239 2274 sua
1253 2205 1438 2298 graviores,

413 2325 545 2394 nonnisi
567 2326 721 2420 scriptos,
741 2341 774 2396 et
793 2351 811 2394 e
831 2323 942 2403 libelle
962 2327 1120 2412 habebat,
1139 2351 1180 2393 ne
1198 2324 1271 2418 plus
1289 2327 1441 2394 minusve

411 2443 603 2542 loqueretur
625 2471 663 2512 ex
689 2459 846 2539 tempore.
872 2447 1116 2519 Pronunciabat
1140 2443 1227 2514 dulci
1250 2459 1282 2516 et
1304 2446 1440 2538 proprio

412 2561 556 2656 quodam
572 2565 639 2634 oris
658 2590 756 2650 sono,
773 2563 938 2657 dabatque
954 2564 1084 2634 assidue
1101 2565 1267 2659 phonasco
1286 2588 1440 2657 operam;

411 2681 468 2754 sed
482 2707 720 2776 nonnunquam
735 2683 934 2752 infirmitatis
948 2683 1112 2770 faucibus,
1128 2685 1287 2777 praeconis
1301 2707 1381 2752 voce
1396 2680 1441 2752 ad

410 2796 573 2898 populum
592 2804 805 2872 concionatus
824 2817 882 2871 est.

457 2921 626 2992 LXXXV.
652 2917 762 2990 Multa
780 2923 860 2990 varii
877 2923 1006 3016 generis
1023 2947 1120 3014 prosa
1135 2923 1284 2990 oratioue
1301 2945 1442 3014 compo·

411 3038 493 3124 suit,
512 3061 552 3108 cx
572 3039 691 3132 quibus
711 3039 870 3124 nonnulla
890 3041 924 3108 iu
943 3055 1029 3110 coetu
1050 3041 1277 3125 farniliarium,
1298 3038 1444 3108 velutin

411 3157 593 3246 auditorio,
614 3159 783 3246 recitavit,
806 3161 891 3230 sicut
911 3162 1081 3255 uescnpta
1103 3163 1207 3230 Bruto
1225 3159 1267 3230 de
1287 3161 1444 3229 Catone:

411 3301 484 3372 quae
498 3273 664 3345 volumina
676 3302 781 3371 quum
787 3279 857 3371 jam
875 3281 984 3350 senior
997 3303 1034 3348 ex
1047 3303 1166 3372 magna
1183 3292 1275 3372 parte
1293 3276 1446 3370 legisset,

411 3395 568 3490 fatigatus
585 3397 721 3468 Tiberio
738 3397 874 3469 tradidit
893 3397 1099 3492 perlegenda.
1123 3401 1206 3466 Item
1225 3399 1447 3468 Hortatt'ones

411 3515 463 3586 ad
462 3517 738 3614 philosophrone,
758 3533 792 3588 ct
805 3516 914 3612 aliqua
925 3518 968 3588 de
986 3521 1057 3588 vt'ta
1073 3543 1154 3604 sua,
1173 3541 1271 3610 quam
1284 3515 1448 3587 tredecim

412 3634 520 3726 libris,
540 3638 737 3708 Cantabrico
750 3637 961 3724 tenusbello,
982 3663 1041 3708 nec
1058 3638 1160 3722 ultra,
1180 3637 1340 3731 exposuit.
1359 3638 1450 3703 Poe·

415 3757 512 3826 ticam
534 3758 725 3826 summatim
745 3760 864 3851 attigit.
883 3761 979 3828 Unus
997 3757 1079 3826 liber
1097 3770 1219 3844 exstat,
1237 3757 1381 3848 scriptus
1404 3755 1450 3824 ab

412 3897 452 3944 oo
471 3875 668 3944 hexametris
684 3877 851 3961 versibus,
866 3878 961 3970 cujus
979 3891 1012 3944 et
1027 3889 1259 3970 argumentum
1276 3887 1311 3942 et
1326 3871 1451 3942 titulus

414 4005 479 4080 cst,
493 3994 619 4065 Sicilia.
634 3998 749 4066 Exstat
761 3995 843 4064 alter
857 4019 950 4088 aeque
966 3994 1115 4064 modicus
1127 3997 1450 4092 Eptgmmmatum,
