3164 5442
392 531 635 586 laticlauium
657 533 849 610 NERONEM.
1075 553 1130 604 ²¹²7

150 643 354 716 Elephantidis.
370 646 498 699 Meminit
513 649 610 712 biart,
631 665 686 714 ιιι,
703 647 753 714 43,
770 652 784 709 l
804 666 810 698 :

208 815 295 878 Quales
308 831 352 876 uec
362 815 459 880 Didymi
472 817 551 866 scium
564 819 658 882 puella,

207 899 257 946 Nec
269 898 349 946 molles
362 896 532 964 Elephantidos
544 899 627 948 libelli.

148 1061 211 1113 Cir.
227 1061 327 1113 XLIV.
346 1061 495 1115 Dedicavt't.
510 1060 582 1116 Vide
597 1065 691 1128 Prion,
706 1080 790 1130 xxxv,
812 1023 846 1114 ιο
861 1081 867 1113 :
882 1061 1068 1116 «Parrhasius
1081 1081 1134 1116 cu-

108 1149 199 1206 biculo
217 1171 269 1207 suo
284 1151 405 1207 inclusit.
422 1176 434 1201 s

147 1257 211 1311 Car.
230 1258 318 1310 XLV.
338 1259 495 1312 Atellanico
513 1261 621 1311 exodio.
643 1259 675 1310 ln
689 1258 823 1312 Atellanis
837 1257 938 1312 fabulis
953 1257 1004 1336 (sic
1018 1258 1099 1314 dictis
1119 1279 1133 1314 a

108 1345 214 1402 civitate
228 1349 367 1402 Oscorum
382 1347 485 1424 Atella)
500 1348 601 1404 exodia
623 1360 702 1403 erant
723 1349 863 1418 diverbia,
882 1367 945 1422 quae
965 1361 1068 1424 praeter
1085 1369 1132 1406 ar·
1218 1361 1221 1368 “

106 1451 268 1511 gumentum
281 1439 382 1495 fabulis
398 1440 601 1508 inserebantur,
619 1441 655 1495 ad
678 1440 763 1495 risum
785 1440 973 1508 movendum,
987 1441 1102 1516 egressis
1120 1461 1134 1494 e

106 1548 183 1583 scena
201 1530 343 1604 tragoedis.
359 1532 474 1598 luvam,
489 1549 532 1598 vr,
549 1550 581 1600 71
600 1552 606 1584 :

208 1702 309 1750 Urbicus
322 1702 408 1750 exodio
419 1702 492 1751 risum
504 1713 582 1751 movet
594 1705 715 1752 attellana.

104 1868 146 1922 stc
168 1867 206 1922 de
229 1868 381 1922 erodr‘aritlr
403 1868 489 1924 schol.
508 1871 607 1923 Juverr.
633 1869 730 1926 insat.
754 1887 810 1936 111,
834 1867 886 1937 175
909 1889 916 1922 ι
940 1893 952 1916 ι
968 1868 1144 1927 Exodiarim-

103 1959 178 2030 apud
191 1969 302 2012 veteres
316 1958 344 2012 in
361 1957 417 2012 fine
431 1959 564 2013 ludorum
579 1960 717 2028 intrabat,
731 1959 812 2032 quod
831 1959 967 2016 ridiculus
980 1961 1070 2030 loret,
1089 1970 1135 2028 ut,

102 2050 246 2125 quidquid
260 2053 445 2124 lacrymarum
459 2061 543 2124 atque
559 2051 676 2106 tristitiae
691 2051 844 2125 coegissent
854 2070 888 2106 ex
902 2052 1013 2124 tragicis
1026 2051 1136 2107 attesti-

102 2143 168 2214 bus,
181 2141 269 2214 hujus
283 2143 434 2216 spectaculi
448 2143 519 2198 risus
534 2143 721 2216 detergeret.»

137 2249 206 2303 Car.
223 2249 324 2304 XLVI.
338 2249 446 2304 Parcus
460 2259 488 2300 et
499 2259 595 2302 tenax.
611 2248 732 2302 Videtur
741 2259 850 2316 auctor,
863 2257 896 2301 ut
905 2247 973 2302 dicit
987 2246 1027 2302 el.
1039 2248 1135 2312 Haec,

100 2338 135 2394 de
145 2338 325 2411 parcimonia
338 2349 447 2394 tanturn
460 2339 556 2412 loqui,
572 2357 659 2412 quam
675 2358 739 2414 erga
749 2358 778 2393 se
793 2339 883 2410 ipsum
902 2357 1024 2410 suosque
1038 2338 1135 2404 obser-

98 2431 193 2502 vavit,
215 2440 279 2486 test.
301 2429 403 2499 Dion„
425 2449 500 2498 ινιι,
522 2449 550 2502 p.
574 2431 653 2486 6182
677 2429 804 2506 ἐλάχιστα
822 2437 868 2507 γὰρ
890 2439 912 2496 te
931 2439 1002 2490 airis
1017 2433 1135 2490 δαπανῶν

98 2532 207 2584 πλεῖστα
223 2532 285 2590 leri
298 2531 373 2582 κοινὸν
388 2530 511 2588 disiisset.
526 2522 568 2576 Cf.
584 2524 699 2590 Trete,
720 2524 840 2588 Annal,
857 2540 882 2588 1,
902 2519 947 2588 75.

138 2627 294 2684 Classibus.
310 2629 343 2689 Η,
358 2645 382 2681 e.
398 2627 547 2682 ordinibus
562 2647 569 2681 ι
588 2639 695 2682 veteres
709 2626 783 2682 enim
797 2627 827 2680 in
839 2624 930 2678 varias
942 2626 1047 2680 classes
1062 2626 1134 2680 ami-

96 2737 146 2774 eos
169 2718 354 2774 ordinabant.
368 2719 483 2788 Senem,
502 2720 539 2773 de
554 2719 673 2791 Bemss,
693 2737 740 2786 vr,
760 2718 795 2782 34
818 2735 825 2770 z
849 2713 962 2786 «Apud
982 2732 1035 2770 nos
1052 2714 1136 2788 primi

95 2811 230 2868 omnium
253 2811 283 2866 C.
307 2811 450 2866 Gracchus
469 2820 496 2864 et
520 2829 587 2864 mox
609 2813 640 2864 L.
658 2813 766 2865 Drusus
788 2806 968 2862 instituerunt
990 2823 1135 2880 segregare

95 2904 215 2958 turbam
231 2919 346 2956 suam...
362 2901 524 2956 habuerunt
538 2901 634 2974 itaque
648 2900 694 2956 isti
711 2900 816 2955 arnicas
834 2895 957 2970 primos,
974 2896 1135 2950 habuerunt

93 3006 120 3047 et
139 2993 296 3049 secundos.
312 3015 323 3040 ι
341 2992 382 3048 Cl‘.
399 2994 558 3061 Laurum,
574 2992 602 3045 in
618 2991 771 3045 Alexandr.
780 3029 790 3055 ,
806 3007 851 3044 xx.

132 3101 207 3154 far.
223 3098 343 3154 XLVII.
359 3098 538 3170 Imperfecta.
553 3096 660 3164 Tacit,
674 3097 793 3157 Aranni..
813 3113 855 3164 vt,
871 3093 924 3160 45:
943 3116 958 3142 a
968 3094 1009 3146 Ne
1022 3089 1135 3163 publice

90 3191 233 3264 quidem,
246 3189 300 3244 nisi
322 3189 382 3243 duo
405 3207 508 3262 opera,
531 3188 646 3256 struxit,
668 3188 802 3258 templum
824 3187 952 3260 Augusto
977 3193 1004 3237 et
1026 3199 1135 3236 scenam

92 3281 269 3356 Pompeiani
285 3281 400 3350 theatri,
415 3301 503 3355 eaque
510 3283 655 3354 perfecta,
673 3288 817 3333 contemtu
835 3275 1008 3343 ambitionis,
1030 3292 1066 3330 an
1083 3292 1136 3346 per

88 3383 293 3440 senectutem,
311 3372 390 3428 haud
404 3373 555 3428 dedicavit.
569 3396 581 3420 s

133 3484 245 3536 Ferret.
262 3480 374 3544 Senec,
396 3479 433 3532 de
453 3475 568 3547 Βεηεβ,
585 3495 625 3545 ιι,
645 3497 682 3547 7:
700 3475 855 3547 eliberim
873 3475 964 3532 esaar
985 3479 1102 3542 rogatus
1119 3486 1136 3521 a

87 3573 215 3644 Nepote
243 3571 342 3624 Marco
363 3567 440 3624 Atlio
462 3567 612 3640 praetorio,
634 3579 667 3624 ut
686 3567 733 3622 teri
753 3566 844 3622 alieno
867 3564 928 3636 ejus
946 3569 1135 3625 succurreret,

87 3662 180 3717 edere
206 3660 288 3714 illum
310 3657 364 3714 sibi
383 3658 499 3713 nomina
520 3659 694 3714 creditorum
712 3658 821 3729 jussit...
839 3659 912 3710 Puto
929 3649 1021 3707 noluit
1041 3649 1136 3721 plures

85 3771 165 3822 esse,
188 3747 245 3824 qui
258 3749 333 3806 idem
346 3747 474 3822 rogaturi
487 3759 698 3806 concurrerent.
716 3773 727 3797 ι
754 3753 758 3765 ’

130 3853 320 3910 probassem
335 3853 422 3922 Vell,
436 3871 479 3920 ιι,
499 3869 552 3926 ¹²9
570 3872 576 3906 ι
591 3854 786 3908 «Senatorum
801 3865 930 3915 censum,
947 3863 1036 3919 quum
1049 3843 1135 3903 idre-

82 3957 158 4004 natu
185 3953 309 4000 rumore
327 3943 418 4000 iacere
441 3943 552 4017 potuit,
578 3963 663 4018 quarn
685 3944 806 4000 libenter
832 3938 970 4012 explerit,
991 3945 1023 3991 ut
1041 3951 1135 4007 neque

81 4039 243 4094 luxuriam
255 4033 401 4103 invitaret,
411 4053 504 4108 neque
518 4035 662 4090 honestam
672 4044 867 4107 paupertatem
880 4038 1025 4102 pateretur
1038 4023 1135 4098 digni·-

80 4141 145 4185 tate
162 4126 297 4182 destitui.
309 4151 320 4174 s

979 4217 1032 4286 15.
