3138 5438
462 547 491 598 e.
514 548 643 604 sumus
665 549 803 606 ossan
1131 569 1147 620 7

155 670 247 736 XIV.
276 670 404 736 Praetor
424 685 569 759 creatus,
591 672 715 742 detecta
735 671 961 764 conjuratione
979 671 1148 758 Catilinae,

111 803 291 882 senatuque
310 789 464 860 universo
482 791 515 858 in
533 793 638 862 socios
653 793 807 862 facinoris
824 790 973 860 ultimam
985 806 1149 862 statuente

112 931 257 998 pennam,
276 906 366 976 solus
383 910 611 1006 municipatim
629 910 839 996 dividendos,
853 909 1149 1006 custodiendosque

112 1024 285 1116 publicatis
304 1028 420 1112 bonis,
441 1033 577 1100 censuit.
600 1033 690 1120 Quin
716 1047 749 1100 et
774 1045 902 1100 tantum
925 1045 1049 1102 metum
1069 1033 1147 1127 inje-

112 1148 155 1213 cit
176 1148 348 1239 asperiora
367 1148 600 1238 suadentibus,
621 1151 800 1222 identidem
822 1164 1006 1237 ostentans,
1026 1166 1149 1244 quanta

111 1293 163 1335 eos
190 1268 225 1334 in
253 1283 422 1360 posterum
448 1295 467 1338 a
491 1270 585 1364 plebe
608 1296 744 1342 murana
769 1287 916 1340 maneret
942 1271 1085 1359 invidia,
1113 1289 1150 1342 ut

113 1385 149 1454 D.
169 1385 339 1476 Silanum,
353 1390 521 1460 consulem
540 1390 763 1488 designatum,
778 1415 844 1460 non
863 1393 1006 1484 piguerit
1023 1405 1150 1460 senten-

114 1509 190 1576 tiam
220 1534 337 1598 suam,
368 1511 447 1602 quia
477 1525 604 1580 mutare
631 1526 728 1604 turpe
757 1524 848 1596 erat,
879 1513 1150 1604 interpretatione

113 1626 234 1712 lenire,
266 1629 356 1700 velut
383 1632 515 1724 gravius
542 1646 641 1724 atque
670 1631 738 1724 ipse
765 1631 915 1698 sensisset
943 1645 1111 1722 exceptam
1140 1659 1147 1698 :

113 1747 375 1842 obtinuissetque
396 1749 497 1836 adeo,
515 1751 712 1820 transductis
730 1749 772 1818 ad
790 1751 909 1841 sejam
928 1747 1095 1842 pluribus,
1117 1763 1148 1818 et

112 1869 142 1936 in
162 1871 217 1937 his
235 1871 409 1938 Ciceronis
426 1871 569 1940 consulis
591 1871 710 1958 fratre,
733 1872 794 1938 nisi
814 1869 979 1938 labantem
999 1869 1148 1938 ordinem

113 1986 338 2056 confirmasset
355 1991 402 2056 M.
423 1992 558 2058 Catonis
577 1991 693 2057 oratio.
714 1991 760 2058 Ac
780 2013 821 2057 ne
836 1989 883 2056 sic
900 1987 1032 2081 quidem
1048 1989 1149 2081 impe-

112 2106 180 2175 dire
207 2132 279 2174 rem
307 2107 449 2195 destitit,
471 2109 580 2201 quoad
605 2133 707 2201 usque
734 2133 850 2178 manus
872 2108 1020 2200 equitum
1044 2131 1149 2174 roma-

113 2253 249 2313 norum,
263 2253 336 2320 quae
349 2243 476 2297 armata
493 2229 634 2322 preasidii
651 2253 749 2298 causa
766 2227 1014 2312 circumstabat,
1031 2227 1169 2308 immo,

112 2345 260 2415 deratius
275 2349 498 2440 perseveranti
515 2371 627 2415 necem
643 2345 842 2416 comminata
857 2359 905 2414 est
919 2371 926 2412 :
941 2346 1039 2414 etiam
1056 2346 1149 2412 stric-

113 2481 159 2534 tos
171 2465 306 2559 gladios
324 2491 427 2559 usque
439 2491 479 2534 eo
492 2468 673 2551 intentans,
692 2481 728 2534 ut
745 2465 911 2536 sedentem
925 2490 991 2533 una
1007 2467 1149 2558 proximi

113 2583 338 2671 deseruerint,
360 2585 413 2654 vix
437 2586 532 2678 pauci
556 2583 730 2677 complexu
758 2598 898 2678 togaque
922 2585 1048 2676 objecta
1073 2607 1150 2676 pro·
1214 2645 1216 2650 ,

114 2703 265 2771 texerint,
290 2707 387 2772 Tunc
411 2703 507 2797 plane
531 2703 723 2790 deterritus,
746 2729 812 2772 non
834 2703 932 2772 modo
956 2703 1071 2788 cessit,
1094 2703 1150 2769 sed

113 2825 212 2892 etiarn
233 2826 269 2892 in
291 2822 454 2917 reliquum
472 2826 549 2894 anni
568 2839 695 2918 tempus
713 2824 806 2892 curia
823 2822 992 2890 abstinuit.

158 2947 235 3012 XV.
263 2945 377 3012 Primo
401 2959 551 3037 praeturae
577 2943 630 3012 die
655 2945 698 3031 Q.
726 2940 883 3012 Catulum
910 2934 963 3008 de*
977 2938 1152 3008 refectione

113 3061 274 3156 Capitolii
302 3061 344 3130 ad
373 3063 632 3156 disquisitionem
660 3060 774 3158 populi
802 3061 951 3146 vocavit,
981 3059 1152 3150 rogatione

113 3180 346 3274 promulgata,
364 3207 428 3275 qua
447 3185 650 3252 curationem
666 3207 738 3250 eam
757 3183 790 3250 in
808 3179 909 3250 alium
926 3177 1150 3248 transferebat.

114 3303 240 3370 Verum
269 3303 376 3395 impar
402 3303 611 3394 optimatium
635 3302 888 3396 conspirationi,
910 3309 1019 3392 quos,¹
1037 3296 1153 3366 relicto

114 3423 226 3489 statim
254 3407 417 3488 novorum
445 3421 617 3498 eonsulnm
644 3421 771 3504 officio,
798 3419 986 3512 frequentes
1010 3417 1154 3486 menna-

116 3557 232 3634 tosque
251 3539 295 3608 ad
318 3540 533 3610 resistendum
556 3542 761 3610 concurrisse
782 3539 952 3626 cernebat,
975 3537 1061 3604 hane
1081 3537 1154 3628 qui-

116 3658 189 3728 dem
208 3661 373 3729 actionem
392 3659 554 3754 deposuit.

162 3783 257 3850 XVI.
286 3785 440 3852 Ceterum
460 3779 593 3850 Caecilio
608 3780 763 3868 Metello,
787 3781 922 3848 tribuno
944 3776 1066 3872 plebis,
1087 3787 1157 3842 tur-

115 3893 363 3975 bulentissimas
386 3900 474 3996 leges
495 3900 651 3970 adversus
672 3900 874 3995 collegarum
892 3897 1156 3968 intercessionem

114 4023 254 4117 serenti,
278 4037 446 4092 auctorem
470 4036 819 4116 propugnatoremque
843 4045 877 4088 se
899 4012 1158 4111 pertinacissime

115 4144 288 4237 praestitit3
300 4142 407 4210 donec
421 4143 519 4210 ambo
531 4139 814 4210 administratione
829 4135 1014 4231 reipublicae
1028 4131 1158 4202 decreto
