3108 5434
446 468 484 520 7⁰
839 449 869 504 C
889 449 1062 508 sumtu

446 590 560 672 postea
577 574 774 672 negligentia
787 574 1022 644 conturbatum
1038 587 1138 668 atque
1151 571 1343 658 morosum,
1357 594 1456 640 rutsus

447 693 491 764 ad
517 695 690 791 pristinam
715 695 877 764 mfionem
900 691 1028 787 redegit
1054 695 1123 762 :in
1149 693 1244 786 cujus
1267 689 1456 760 ordinatione

449 811 597 884 sextilem
619 835 765 882 mensem
786 836 806 878 o
825 835 887 880 suo
908 812 1105 904 cognomine
1124 808 1350 903 nunctrpavit,
1366 809 1456 902 magis

451 954 551 1024 quam
576 930 808 1024 septembrem,
836 953 905 1022 quo
930 943 1001 1000 erat
1025 942 1143 1014 natua;
1161 928 1239 1020 quia
1262 927 1326 996 boc
1351 927 1457 994 sibiet

453 1050 581 1142 primia
597 1045 804 1133 consulatus,
820 1061 855 1116 et
872 1047 1014 1140 insignes
1032 1047 1177 1116 victorie
1196 1045 1392 1138 obtigissent
1407 1046 1457 1113 Sa·

453 1165 626 1236 ccrdotum
643 1180 678 1234 et
695 1189 870 1234 numerum
885 1179 920 1234 ct
937 1163 1147 1258 dignitatem,
1168 1162 1226 1232 sed
1247 1177 1281 1232 et
1301 1160 1458 1232 commoda

450 1287 555 1368 auxit,
576 1285 739 1378 praecipue
760 1282 1134 1376 vestaliumsvirginum.
1155 1285 1337 1374 Quumque
1358 1281 1390 1348 in
1409 1278 1458 1347 de·

451 1416 591 1472 mortue
604 1403 715 1472 locum
727 1399 825 1470 dmm
837 1405 916 1496 copi
930 1414 1112 1494 oporte-et,
1125 1401 1351 1492 ambirentque
1360 1395 1458 1480 multi,

453 1543 496 1588 nc
508 1519 591 1590 filias
607 1521 642 1588 in
658 1533 782 1588 sortem
801 1518 934 1606 darent;
954 1517 1135 1611 adjuravit,
1152 1520 1180 1588 si
1193 1519 1460 1610 cujusquamnep·

454 1628 543 1696 tium¹
554 1653 689 1698 suarum
702 1647 903 1724 competetet
916 1648 1015 1726 aeus,
1031 1635 1221 1706 oblaturum
1236 1662 1271 1706 sc
1283 1636 1382 1706 fixisse
1388 1659 1459 1704 eam·

452 1744 621 1816 Nonnulla
634 1749 733 1816 ctiam
742 1773 782 1816 ex
791 1749 934 1842 antiquis
947 1751 1150 1842 cerimoniis,
1161 1753 1320 1847 paulatim
1337 1752 1462 1834 abolita,

453 1863 595 1934 restituit
612 1890 620 1934 ε
639 1878 677 1932 ut
703 1863 817 1934 salutis
842 1868 1036 1960 augurium,
1067 1866 1162 1937 Diale
1190 1864 1390 1953 flaminium,
1422 1885 1464 1931 sa·

454 2005 549 2048 crum
573 1979 757 2075 lupercale,
779 1981 876 2052 ludos
898 1981 1058 2052 seculares
1082 1997 1115 2052 et
1137 1981 1383 2077 compitalicioa
1404 1983 1463 2049 Lu·

454 2096 638 2192 percalibus
664 2103 768 2169 veniit
789 2125 921 2170 currere
940 2101 1117 2186 imberbem
1145 2103 1242 2189 item,
1269 2098 1464 2172 Secttlatibus

454 2212 540 2284 ludis
556 2217 694 2310 juvenes
712 2219 884 2310 utriusque
908 2241 1003 2286 sexus
1020 2219 1189 2312 probibuit
1211 2215 1320 2286 ullum
1344 2229 1464 2286 noenu·

454 2357 535 2404 uum
549 2333 773 2429 spectaculum
789 2336 1014 2428 frequentare,
1033 2336 1096 2404 nisi
1120 2359 1197 2406 cum
1220 2335 1335 2430 aliquo
1357 2335 1467 2427 majore

456 2466 536 2522 natu
556 2454 830 2548 propinquorum.
849 2452 1051 2546 Compitales
1077 2453 1160 2524 lares
1182 2457 1295 2524 ornari
1313 2455 1365 2524 bis
1392 2475 1467 2520 anno

455 2571 613 2656 instituit,
630 2574 740 2640 vernis
759 2571 897 2640 floribus
914 2587 948 2640 et
960 2573 1089 2642 estivis.
1109 2575 1302 2644 Proximum
1318 2599 1338 2642 c
1354 2571 1403 2640 dis
1419 2572 1470 2640 im·

455 2687 649 2757 mortalibus
665 2689 825 2758 bonorem
844 2691 1010 2758 memoriae
1024 2689 1147 2760 ducum
1164 2692 1334 2784 prestitit,
1352 2691 1407 2784 qui
1422 2691 1470 2756 im·

454 2805 583 2896 perium
606 2805 722 2898 populi
740 2809 869 2876 romani
888 2832 929 2874 ex
955 2809 1095 2876 minimo
1118 2810 1300 2878 maximum
1325 2805 1471 2878 reddidis-

455 2935 538 2990 seno
555 2925 671 3014 Itaque
689 2938 723 2990 ct
740 2949 842 3017 opera
859 2924 1034 3017 cujusque,
1051 2926 1259 2994 manentibus
1274 2926 1400 3012 titulis,
1414 2948 1473 2993 res·

456 3039 563 3124 tituit,
584 3052 617 3105 et
636 3053 761 3108 statuas
778 3043 926 3110 omnium
945 3041 1139 3136 triumphali
1157 3043 1264 3136 effigie
1285 3045 1323 3111 in
1345 3059 1474 3134 unaque

456 3153 520 3224 fori
535 3156 587 3222 sui
596 3158 726 3248 porticu
737 3156 915 3245 dedicavit3
925 3158 1092 3251 professus
1103 3160 1473 3248 edicto,«commentum

455 3271 491 3340 id
510 3295 564 3360 se,
580 3285 619 3342 ut
635 3271 768 3344 illorum
783 3275 933 3346 velutad
955 3276 1121 3371 exnplar
1139 3293 1173 3348 et
1191 3280 1276 3372 ipse,
1294 3279 1378 3350 dum
1395 3279 1475 3346 vive·

454 3403 519 3476 ret,
535 3404 569 3460 et
588 3391 829 3485 insequentium
846 3407 979 3464 etatum
997 3397 1162 3490 principes
1177 3399 1391 3492 exigerentur
1408 3395 1477 3466 aci·

455 3507 590 3578 vibus.»
609 3511 757 3606 Pompeii
779 3537 913 3606 quoque
938 3527 1097 3602 statuam,
1124 3529 1242 3588 contra
1266 3517 1389 3588 theatri
1414 3515 1477 3608 ejus

454 3627 594 3720 ngiam,
607 3653 793 3700 marmoreo
807 3633 892 3700 Jano
906 3634 1132 3727 superposuit,
1143 3633 1341 3708 walatam
1350 3659 1370 3706 e
1380 3633 1476 3715 curin

454 3744 489 3810 in
509 3767 575 3836 qua
590 3747 628 3814 st
647 3748 879 3841 Casarufirerat
898 3751 1035 3820 occisus.

500 3864 642 3935 xxm
667 3863 828 3958 Pleraque
849 3869 982 3960 pessimi
997 3871 1139 3966 exempli
1166 3874 1330 3959 correxit,
1354 3895 1428 3967 quta
1448 3871 1478 3940 in

454 3978 630 4070 perniciem
655 3981 835 4073 publicam,
863 3999 921 4056 cut
945 4011 987 4056 cx
1018 3989 1257 4062 consuetudine
1282 3988 1479 4083 licentiaque
