3138 5438
425 509 459 546 ro
817 495 847 548 G
868 493 1042 548 SUE‘fflNtl

425 619 874 712 carentur.Antiquumetiam
895 613 1008 712 retulit
1031 638 1175 697 rnorem,
1196 625 1230 678 ut
1251 636 1318 702 quo
1344 633 1445 676 mense

425 735 526 805 l'asoes
553 763 620 805 non
646 739 801 824 liaberet,
827 762 986 806 accensus
1010 748 1088 802 ante
1111 757 1187 802 eum
1214 733 1297 818 iret,
1324 730 1446 798 lictores

425 880 510 947 pone
541 872 764 949 sequerentur.
797 859 885 949 Lege
915 870 1025 924 autem
1056 854 1195 948 Agraria
1225 849 1447 944 promulgata,

424 975 674 1044 obnuntiantem
694 975 853 1070 collegam
877 977 976 1044 armis
998 974 1071 1043 foro
1094 972 1232 1067 expulit.
1252 975 1301 1040 Ae
1322 984 1448 1063 postero

425 1093 478 1161 die
501 1095 535 1161 in
558 1109 672 1164 senatu
695 1111 935 1188 conquestum,
955 1119 1015 1162 nec
1034 1117 1201 1186 quoquam
1224 1106 1376 1184 reperto,
1396 1091 1447 1181 qui

426 1237 524 1305 super
551 1213 608 1281 tali
634 1216 898 1283 consternatione
923 1214 1064 1300 referre,
1089 1227 1145 1281 aut
1170 1235 1305 1280 censere
1331 1207 1449 1300 aliquid

424 1333 579 1418 auderet,
596 1331 705 1426 qualia
723 1333 827 1402 multa
846 1359 931 1426 saepe
950 1335 984 1402 in
1002 1333 1179 1400 levioribus
1201 1330 1306 1398 turbis
1323 1327 1450 1396 decreta

425 1469 536 1537 erant,
555 1455 588 1520 in
605 1479 677 1521 eam
692 1456 800 1549 coegit
817 1454 1095 1547 desperationem,
1115 1466 1151 1520 ut
1166 1451 1275 1544 quoad
1293 1463 1451 1542 potestate

426 1573 548 1660 abiret,
562 1573 662 1640 domo
677 1573 808 1641 abditus
822 1571 904 1640 nihil
917 1571 1008 1640 aliud
1021 1595 1120 1664 quam
1136 1595 1195 1662 pcr
1207 1569 1312 1636 edicta
1326 1569 1453 1636 obnun-

426 1693 531 1760 tiaret.
554 1697 649 1761 Unus
670 1717 709 1760 er
731 1718 771 1760 eo
794 1707 941 1785 tempore
963 1693 1074 1759 omnia
1098 1693 1131 1756 in
1152 1687 1339 1782 republica,
1361 1685 1450 1755 etad

426 1809 598 1878 arbitrium
616 1811 876 1880 administravit:
891 1807 937 1879 ut'
946 1809 1096 1878 nonnulli
1114 1809 1335 1892 urbanorum,
1352 1829 1452 1897 quum

426 1930 507 2022 quid
529 1955 588 2023 pcr
608 1931 720 2020 jocum
742 1931 881 1998 testandi
904 1932 1006 2024 gratia
1030 1931 1217 2021 signarent,
1234 1951 1301 1993 non
1322 1928 1454 1993 (tesan

426 2065 461 2118 et
480 2049 618 2132 Bibulo,
639 2050 697 2118 sed
717 2051 801 2120 luto
822 2066 856 2119 et
880 2053 1015 2120 Caesare
1034 2047 1221 2118 consulibus
1243 2061 1355 2114 actum
1380 2043 1455 2112 seri·

427 2171 560 2258 herent,
576 2171 627 2238 bis
645 2171 786 2238 erindem
802 2185 1050 2266 praeponentes,
1068 2171 1199 2237 nomine
1216 2181 1316 2259 atque
1334 2187 1456 2258 cogno·

428 2289 536 2357 mine:
555 2303 656 2382 utque
673 2289 773 2384 vulgo
789 2317 864 2359 mox
882 2292 1045 2359 ferrentur
1060 2291 1094 2358 hi
1113 2313 1224 2358 versus
1241 2311 1250 2356 t

468 2528 533 2582 Non
552 2529 655 2584 bibulo
668 2530 819 2602 quidquam
834 2549 934 2604 nuper,
949 2531 999 2585 sed
1015 2531 1122 2584 Caesare
1139 2529 1240 2584 lactum
1256 2539 1317 2586 est:

523 2621 594 2675 Nam
610 2621 711 2676 Bibulo
727 2620 789 2678 fieri
804 2624 918 2678 consule
934 2623 974 2676 nil
987 2623 1111 2679 memini.

428 2861 590 2948 Campum
608 2856 793 2940 Stellatem,
811 2856 989 2948 majoribus
1006 2871 1254 2938 consecratum,
1271 2879 1460 2948 agrumque

429 2979 656 3066 Campanum,
680 2974 723 3042 ad
754 2974 899 3042 subsidia
927 2973 1114 3066 reipublicae
1141 2972 1337 3066 vectigalem
1370 2974 1465 3042 relic-

430 3107 520 3178 tum,
540 3091 650 3160 divisit
672 3107 765 3160 extra
792 3107 913 3160 sortem
939 3092 980 3160 ad
1007 3095 1123 3186 viginti
1147 3092 1293 3162 millibus
1314 3096 1464 3176 civium,

430 3211 549 3302 quibus
569 3212 654 3278 terni
677 3210 828 3304 pluresve
850 3211 943 3280 liberi
967 3227 1084 3280 essent.
1107 3211 1323 3300 Publicanos,
1348 3214 1468 3280 remis·

432 3331 556 3398 sionem
576 3345 743 3423 petentes,
762 3333 858 3400 tertia
879 3332 1067 3400 mercedum
1089 3347 1182 3424 parte
1203 3331 1388 3420 relevavit,
1409 3357 1468 3412 ac,

432 3473 473 3516 ne
491 3452 525 3517 in
536 3447 702 3520 'locatione
718 3475 879 3520 novorum
893 3452 1102 3545 vectigalium
1119 3451 1375 3522 immoderatius
1390 3450 1471 3518 lice-

432 3583 564 3654 rentnr,
593 3569 761 3664 propalam
790 3572 930 3640 monuit.
962 3575 1079 3642 Cetera
1108 3573 1208 3656 item,
1237 3595 1312 3663 quae
1342 3572 1472 3662 cuique

433 3686 624 3776 libuissent,
650 3689 821 3785 dilargitus
844 3706 913 3778 est,
934 3689 1180 3758 contradicente
1207 3688 1320 3774 nullo,
1350 3715 1420 3778 ac,
1448 3691 1473 3756 si

432 3825 605 3878 conaretur
624 3813 716 3903 quis,
736 3813 920 3879 absterrito.
943 3814 989 3878 Μ.
1012 3813 1172 3878 Catonem
1195 3809 1473 3903 interpellantem

432 3931 556 3998 extrahi
575 3932 666 3997 curia
686 3955 744 4022 per
763 3929 934 4013 lictorem,
954 3930 1096 4020 ducique
1118 3933 1152 3998 in
1170 3953 1338 3998 carcerem
1356 3931 1476 4022 jussit.

433 4049 470 4114 L.
488 4049 625 4116 Lucullo
641 4048 775 4116 liberius
793 4049 971 4131 resistenti,
990 4063 1118 4118 tantum
1136 4048 1387 4118 calumniarum
1407 4073 1479 4116 mr-
