3164 5442
430 518 470 572 nr
492 518 578 574 ocr.
599 517 822 576 auousrurr.
1098 520 1152 596 ,ος

102 635 321 712 Αροηὶηἱεμιιοο
342 635 457 692 nomine
481 647 509 692 et
528 635 660 707 illorum,
674 635 724 711 qui
745 635 814 692 mihi
835 643 992 693 statuarum
1011 637 1152 694 honorem
1242 663 1247 670 ·

102 730 275 800 habuerant,
289 728 384 786 statui.

142 823 278 878 Conr'nar.
297 823 332 878 H.
354 839 378 879 e.
401 820 530 896 tripodas
551 839 558 876 ε
576 820 664 892 Ptin,
684 823 718 877 H.
739 824 791 890 N.,
815 841 921 894 xxxiv,
941 821 957 878 3
979 842 986 878 :
1010 823 1078 878 «Ex
1097 839 1151 879 aere

102 901 263 972 factitarere
280 925 307 970 et
322 914 447 970 cortinas
461 914 608 987 tripodum
623 915 739 971 nomine
753 916 922 991 Delphicas,
937 915 1075 990 quonIam
1095 914 1153 972 do-

101 1009 143 1066 uis
155 1009 279 1066 maxime
292 1008 434 1083 Apollinis
447 1008 579 1081 Delphici
594 1007 772 1065 dicabantur.
792 1035 804 1060 a

139 1103 317 1173 Deprerotus
331 1113 383 1156 est.
398 1101 485 1170 Vela,
496 1119 536 1171 11,
547 1101 601 1174 89:
616 1100 812 1157 «Dictaturam
827 1120 914 1176 quam
927 1100 1112 1175 pertinaciter
1125 1100 1153 1158 ei

101 1192 248 1250 deferebat
258 1196 393 1268 populus,
404 1203 462 1249 tam
472 1204 636 1249 constanter
645 1194 1153 1268 repulit.»CausamadditDio‚r.1r,
1207 1195 1210 1206 ’

100 1305 129 1359 P·
145 1284 199 1341 521
219 1306 227 1341 ἓ
242 1296 291 1352 Τήν
311 1315 339 1347 τι
353 1294 479 1358 ἐξουσίαν,
495 1294 537 1348 aad
551 1296 594 1352 τὴν
609 1296 696 1366 τιμὴν,
706 1295 748 1347 aui
761 1296 821 1366 hrrip
831 1297 886 1356 roh<
899 1291 1056 1366 drare'ropae
1078 1298 1153 1365 ῐχων,

101 1389 171 1456 ὀρθῶς
188 1389 253 1441 τότι
272 1389 395 1457 ἐπίφθονον
410 1386 452 1440 καὶ
471 1388 499 1439 ri
514 1389 615 1458 μισητὸν
632 1395 676 1448 τῆς
690 1390 838 1449 ἐπικλήσεως
856 1391 936 1440 αὐτῶν
953 1389 1097 1457 ἐφυλάξατο.

139 1474 206 1529 Car.
217 1475 293 1528 LIII.
308 1473 432 1528 Domini.
448 1474 581 1542 Tertull.,
595 1475 683 1547 Apol.
692 1512 701 1539 ,
717 1491 742 1528 e.
760 1491 853 1528 xxxrv
871 1493 877 1527 :
903 1496 918 1524 a
932 1475 1079 1546 Augustus
1097 1471 1154 1528 iru-

100 1566 172 1638 perii
187 1567 335 1634 sonnator,
350 1584 386 1620 ne
401 1565 549 1620 dominum
563 1583 593 1620 se
608 1564 725 1639 quidem
744 1565 803 1620 dici
815 1565 940 1620 volebat.
959 1564 1040 1620 Idem
1062 1573 1151 1621 testa-

99 1668 148 1714 tur
161 1659 258 1728 Philo,
282 1660 381 1732 Legat.
396 1659 439 1711 od
455 1658 574 1724 Colum,
595 1675 624 1732 p.
650 1665 733 1725 rori..

139 1751 240 1806 Noctu.
259 1752 414 1806 Decretum
434 1749 510 1805 enirn
526 1750 633 1818 fuerat,
659 1760 692 1804 ut
715 1752 847 1824 Augusto
870 1749 901 1804 in
923 1748 1032 1807 Urbem
1052 1750 1151 1827 ingre-

100 1842 190 1899 dienti
206 1845 341 1913 vestales,
351 1853 466 1899 senatus
480 1845 665 1916 populusque
675 1843 789 1899 obviarn
804 1843 886 1898 irent.
897 1842 969 1914 Dio,
984 1862 1031 1913 rr,
1044 1863 1073 1917 p.
1086 1841 1154 1910 456.

99 1940 165 2008 Quo
178 1937 291 1992 honore
301 1955 391 2010 quum
405 1935 448 1990 uti
457 1937 561 2004 nollet,
576 1934 813 2010 magistratusque
831 1945 927 1990 tamen
945 1945 973 1991 et
987 1934 1035 1991 alii
1047 1935 1083 2005 ,in
1097 1935 1153 1992 hoe

99 2039 192 2084 essent
208 2039 241 2084 ut
264 2029 379 2085 obviam
393 2027 446 2102 ipsi
469 2028 636 2103 prodirent,
655 2037 746 2084 noctu
759 2027 789 2082 in
811 2029 920 2085 Urbem
942 2027 1084 2105 ingressus
1102 2036 1153 2084 est.

100 2121 140 2176 ct.
157 2123 266 2190 Drom,
288 2140 353 2190 arv,
372 2140 401 2194 p.
419 2119 486 2192 527.

139 2214 369 2269 Solatatr'oaibar.
386 2214 454 2269 Dies
471 2214 557 2268 festos
571 2212 721 2289 intelligit,
736 2224 806 2270 teste
826 2213 987 2271 casaubon.

139 2307 255 2380 Stipem,
280 2309 313 2361 In
336 2307 466 2363 Macrob.
482 2305 559 2361 idem
584 2317 735 2379 narrante,
754 2308 866 2362 Satura.
890 2327 935 2378 rr,
955 2314 970 2372 Ι,
991 2325 999 2361 :
1025 2307 1152 2375 «Putas,

100 2399 209 2473 inquit,
228 2412 254 2454 te
267 2419 362 2454 assem
377 2399 529 2472 elephanto
548 2400 628 2454 darre.
642 2424 653 2449 υ
669 2400 804 2470 Quintil.;
823 2401 905 2468 Insa,
920 2419 970 2470 vr,
988 2398 1004 2454 3
1021 2420 1028 2455 :
1044 2401 1154 2472 «Cujus

100 2491 147 2567 (sc.
168 2489 327 2567 parabolae)
348 2502 390 2547 est
406 2491 516 2568 generis
529 2491 560 2546 id
576 2493 712 2568 Augusti,
731 2492 782 2566 qui
802 2492 884 2547 militi
906 2492 1032 2548 libellum
1056 2491 1155 2549 timide

100 2585 275 2662 porrigenti,
293 2585 377 2651 Noli,
392 2583 501 2659 inquit,
512 2586 640 2640 dubitare
653 2599 786 2660 tanquam
797 2605 890 2640 assem
904 2585 1059 2657 elephanto
1068 2586 1154 2642 dea.»

143 2679 351 2734 Sammoaente.
367 2681 463 2750 Quum
479 2697 577 2732 omnes
591 2677 646 2733 sibi
659 2687 742 2734 notas
757 2677 871 2752 penitus
884 2677 1013 2732 haberet.

141 2770 258 2844 Officia.
280 2773 390 2844 Nempe
409 2771 508 2843 officia
525 2773 705 2845 privatorum
736 2782 763 2825 et
787 2771 974 2825 communium
998 2770 1155 2824 solennita-

101 2876 177 2930 utm,
194 2876 225 2918 ut
240 2875 316 2937 togae
333 2883 419 2936 purae
428 2903 436 2929 ‚
453 2874 483 2917 ut
500 2865 695 2936 sponsalium,
717 2877 747 2919 ut
765 2865 951 2938 nuptialium,
969 2873 1001 2917 ut
1018 2865 1154 2918 aomina-

102 2956 188 3021 !r'um,
209 2965 283 3011 auct.
303 2957 442 3025 Tertull.,
461 2956 643 3020 derd01.‚c.
663 2974 724 3011 xvr.

145 3049 284 3103 Vexatas.
299 3047 365 3104 Scil.
381 3047 501 3121 pessime
517 3047 632 3104 habitus
648 3058 690 3103 est
708 3066 766 3103 :ex
784 3047 870 3119 hujus
883 3047 963 3104 vocis
980 3033 1099 3121 propria
1113 3045 1155 3103 si-

101 3139 303 3216 gnificatione‚·
317 3151 380 3196 test.
400 3143 486 3210 Geth,
504 3161 548 3211 11,
570 3141 602 3213 6,
625 3139 675 3216 qui
695 3151 827 3216 raptatur
850 3152 938 3217 atque
959 3141 1017 3198 huc
1038 3151 1067 3196 et
1086 3140 1154 3196 illue

100 3234 282 3304 distrahitur,
297 3233 320 3295 is
336 3236 441 3290 vexari
453 3234 567 3291 dicitur.

141 3328 210 3382 Cae.
232 3328 307 3382 LIV.
328 3328 468 3382 Antr'stius
482 3328 586 3384 Labeo.
607 3329 781 3399 Gell.‚xrrr,
803 3325 1072 3402 12:«111quadam
1091 3325 1155 3401 epi-

99 3420 176 3475 stola
195 3418 268 3474 Ateii
289 3417 436 3493 Capitonis
450 3419 589 3493 scriptum
603 3421 739 3496 legimus,
757 3421 920 3476 Labeonem
936 3419 1090 3475 Antistium
1110 3420 1155 3476 le-

100 3530 171 3586 gum
185 3521 273 3586 atque
285 3531 401 3568 morum
414 3511 517 3588 populi
529 3513 642 3569 romani
654 3513 786 3587 jurisque
798 3512 887 3569 civilis
894 3512 1017 3580 ¹doctum
1027 3511 1155 3586 apprime

101 3604 198 3662 fuisse.
221 3628 236 3656 a

141 3699 311 3772 Respondit.
328 3697 400 3770 Dio,
418 3717 484 3773 mv,
502 3717 530 3773 p.
552 3697 606 3755 531
626 3711 746 3780 {Ilpdrot
768 3709 812 3778 μὶν
833 3707 1008 3778 interpenabant
1023 3725 1052 3757 τι
1081 3705 1153 3758 αὑτὸν

103 3800 159 3868 ἶφι,
173 3798 217 3852 καὶ
230 3801 415 3872 τιμωρήσεσθαι
430 3802 575 3861 darianum
590 3802 678 3864 Inuera
697 3796 727 3854 di
741 3802 850 3862 εἰπόντος
863 3803 950 3853 αὐτοῦ’
964 3798 1007 3852 aei
1027 3799 1053 3851 τί
1074 3793 1152 3850 denis

103 3893 243 3956 πεποίηκα,
257 3895 391 3962 κατασχὼν
407 3895 430 3946 Ia
447 3901 482 3964 τῷ
500 3889 621 3965 Zorrdpitp
637 3889 731 3965 ἄνδρα,
746 3896 770 3948 ὃν
790 3893 820 3946 ah
840 3901 889 3946 τῶν
909 3892 1037 3963 ἀρχιιρίων
1058 3891 1094 3943 {rr
1112 3889 1155 3942 aei

104 3992 141 4036 adr
160 3988 274 4056 πιριορᾷς
287 3987 361 4051 ὄντα,
375 3981 493 4057 οὐδεμίαν
509 3988 578 4058 ὀργὴν
599 3988 742 4044 ἰποιήσατο.

146 4069 330 4141 qudisuit.
346 4071 411 4126 Scil.
427 4071 584 4126 dt'scrirm'm'
595 4081 645 4126 aut
657 4072 773 4126 domno.
788 4071 883 4139 Sera,
899 4069 1029 4136 Eneid„
1046 4086 1082 4137 x,
1096 4083 1132 4136 7²
1147 4085 1154 4120 :

106 4160 213 4233 injure
230 4163 336 4218 lectum
350 4171 391 4218 est
407 4161 532 4233 :fraudi
542 4161 596 4217 erit
612 4161 734 4231 diates,
750 4162 768 4216 ί.
787 4181 829 4232 e.‚
840 4159 974 4234 periculo.
