3114 5446
438 599 448 608 ,
494 541 693 598 CALIGULA.
1053 541 1105 612 ¹7⁵

95 697 182 765 quum
203 669 335 739 audiret
359 668 445 738 forte
471 693 584 763 reges,
611 671 667 761 qui
688 666 788 736 officii
811 689 908 736 causa
932 669 965 736 in
982 667 1107 737 Urbem

95 791 304 874 advenerant,
321 801 547 858 concertantes
567 787 655 880 apud
675 811 710 857 se
726 811 824 880 super
840 811 965 856 coenam
986 785 1027 855 de
1046 813 1106 854 no·

94 911 205 980 bilitate
229 909 380 1004 generis,
400 906 614 995 exclamavit,
633 909 690 984 Εἷς
712 915 846 997 κοίρανος
864 898 963 991 feru,
984 911 1024 984 εἷς
1045 910 1107 979 Be·

94 1023 190 1108 σιλεῦς.
202 1011 278 1100 Nec
289 1026 430 1096 multum
442 1025 564 1113 abfuit,
575 1028 657 1120 quin
668 1028 777 1095 statim
788 1026 939 1096 diadema
949 1043 1108 1111 sumeret,

97 1151 294 1246 speciemque
320 1147 525 1243 principatus
549 1146 584 1213 in
613 1149 707 1241 regni
733 1147 873 1215 formam
893 1163 1107 1217 converteret.

97 1275 207 1338 Verum
227 1265 436 1353 admonitus,
454 1279 487 1334 et
502 1265 687 1360 principum
705 1281 738 1334 et
752 1289 868 1360 regum
885 1291 920 1334 se
936 1269 1109 1336 excessisse

97 1387 268 1482 fastigium,
281 1385 426 1454 divinam
439 1409 479 1453 ex
491 1409 531 1453 eo
545 1385 748 1478 majestatem
760 1409 903 1454 asserere
918 1387 980 1454 sibi
994 1389 1108 1480 coepit;

94 1507 223 1600 datoque
244 1506 399 1600 negotio,
418 1519 456 1573 ut
478 1502 869 1592 simulacraluuminum,
893 1504 1051 1600 religione
1075 1521 1109 1575 et

93 1639 151 1694 arte
165 1623 347 1720 praeclara,
367 1626 454 1692 inter
471 1647 544 1716 quae
561 1622 707 1717 Olympii
723 1624 833 1709 Jovis,
855 1639 1109 1718 apportarentur

93 1771 108 1813 e
123 1747 260 1829 Graecia,
274 1743 394 1837 quibus
408 1744 516 1835 capite
530 1743 642 1810 demto
656 1767 753 1811 suum
768 1744 968 1836 imponeret,
983 1759 1107 1837 partem

93 1864 192 1957 palatii
209 1863 253 1932 ad
271 1864 380 1932 forum
397 1885 501 1956 usque
516 1863 699 1956 promovit,
717 1878 816 1955 atque
833 1862 902 1931 aede
915 1865 1060 1934 Castoris
1076 1879 1109 1932 et

93 1982 225 2052 Pollucis
252 1985 288 2050 in
314 1980 513 2050 vestibulum
539 1979 793 2075 transfigurata,
818 1982 998 2050 consistens
1025 1975 1109 2076 ¹saepe

93 2106 168 2172 inter
190 2103 308 2171 fratres
333 2101 410 2169 deos
440 2099 590 2186 medius,
617 2125 650 2168 se
675 2099 881 2169 adorandum
910 2100 1108 2171 adeuntibus

91 2223 277 2308 exhibebam
293 2235 326 2288 et
344 2219 477 2312 quidam
494 2241 571 2286 eum
590 2243 767 2289 sarianum
789 2241 902 2288 tovana
922 2219 1109 2290 consaluta-

91 2357 171 2409 nmt
185 2336 360 2432 Templum
386 2337 485 2406 etiam
506 2337 633 2404 numini
656 2361 715 2405 suo
735 2340 926 2430 proprium,
946 2355 979 2408 et
1001 2365 1108 2409 sacer·

91 2458 195 2546 dotes,
221 2473 255 2527 et
278 2457 572 2551 excogitatissimas
597 2455 720 2524 hostias
747 2455 899 2525 instituit.
924 2459 964 2526 ln
986 2457 1109 2552 templo

90 2577 297 2647 simulacrum
323 2577 429 2646 stabat
453 2599 591 2643 aureum
618 2575 805 2662 iconicum,
829 2576 1108 2669 amiciebaturque

91 2695 230 2788 quotidie
244 2709 351 2782 veste,
367 2691 456 2788 quali
474 2695 542 2786 ipse
555 2707 712 2762 uteretur.
727 2693 916 2786 Magisteria
935 2694 1108 2762 sacerdotii

90 2813 262 2886 ditissimus
281 2815 438 2908 quisque,
457 2828 489 2880 et
506 2813 683 2881 ambitione
700 2826 732 2880 et
750 2811 932 2880 licitatione
947 2813 1109 2902 maxima,

90 2935 210 3004 vicibus
228 2933 475 3028 comparabant.
491 2933 613 3002 Hostiae
630 2946 724 3000 erant
740 2931 992 3024 phoenicopteri,
1009 2955 1110 3025 pavo·

9 3027 13 3040 .
90 3078 156 3140 nm,
183 3069 365 3140 tetraonas,
382 3048 571 3136 numidicae,
588 3048 819 3144 meleagrides,
838 3050 1021 3143 phasianae,
1037 3073 1110 3143 quae

88 3175 265 3263 generatim
283 3169 509 3266 persingulas
530 3171 598 3238 dies
620 3169 876 3238 immolarentur.
898 3173 939 3238 Et
958 3169 1110 3237 noctibus

88 3291 219 3382 quidem
235 3291 366 3386 plenam
378 3289 624 3384 fulgentemque
635 3287 747 3356 lunam
761 3287 921 3356 invitabat
934 3287 1061 3356 assidue
1074 3287 1108 3354 in

89 3409 257 3503 amplexus
281 3425 379 3502 atque
399 3407 638 3477 concubitum:
658 3405 800 3476 interdiu
821 3431 990 3475 varocum
1011 3407 1110 3497 Capi·

88 3527 192 3597 tolino
211 3533 292 3599 Jove
311 3543 436 3596 secreto
457 3525 680 3614 fabulabatur,
699 3525 799 3595 modo
821 3527 1049 3610 insusurrans,
1070 3547 1110 3591 ac

86 3647 237 3738 praebens
253 3649 392 3715 invicem
410 3669 544 3735 aurem,
559 3644 659 3715 modo
673 3644 808 3734 clarius,
823 3669 882 3713 nec
896 3645 965 3713 sine
979 3643 1107 3736 jurgiis.

84 3768 170 3837 Nam
190 3793 255 3838 vox
273 3769 500 3838 comminantis
518 3767 628 3836 audita
646 3779 716 3836 est:

282 3950 305 4014 fl
321 3966 347 4030 μ’
364 3961 490 4031 dedam
510 3958 556 4029 ipsi
574 3979 613 4023 us,

86 4112 198 4183 donec
214 4129 385 4202 exoratus,
403 4129 441 4183 ut
458 4113 640 4192 referebat,
655 4127 688 4182 et
704 4113 738 4180 in
755 4111 1006 4180 contubernium
1024 4108 1111 4179 ultro
