3138 5438
390 489 394 496 ⁴
427 534 463 570 ,ο
822 513 851 570 c.
873 513 1049 570 sunronn

427 665 544 736 genere
573 641 716 708 hostium
743 640 941 732 contigisset.
968 639 1097 708 Dehinc
1131 639 1316 730 Scipionem
1341 661 1378 705 ac
1402 641 1462 706 Ju-

427 761 522 848 bam,
548 759 701 852 reliquias
727 759 873 853 partium
897 759 932 826 in
957 757 1067 828 Africa
1090 755 1293 845 refoventes,
1315 755 1461 826 devicit:

427 882 575 974 Pompeii
593 879 712 948 liberos
732 880 766 948 in
787 880 953 972 Hispania.

475 1003 633 1070 XXXVI.
666 999 828 1068 Omnibus
858 997 1008 1067 civilibus
1038 996 1130 1066 bellis
1161 996 1286 1066 nullam
1315 996 1464 1085 cladem,

430 1119 492 1186 nisi
515 1143 572 1211 per
594 1117 717 1211 legatos
739 1141 836 1200 suos,
855 1141 969 1210 pessus
990 1131 1038 1184 est
1059 1142 1066 1184 :
1086 1140 1229 1209 quorum
1249 1119 1287 1186 C.
1306 1119 1409 1185 Curio
1428 1120 1466 1186 in

430 1235 541 1307 Africa
560 1237 675 1328 periit;
694 1239 731 1304 C.
751 1237 915 1305 Antonius
937 1237 970 1302 in
994 1233 1124 1327 Illyrico
1147 1236 1180 1300 in
1201 1233 1465 1304 adversariorum

431 1354 562 1424 devenit
579 1367 790 1446 potestatem
808 1357 844 1422 P.
864 1351 1035 1422 Dolabella
1051 1352 1187 1422 classem
1204 1355 1236 1420 in
1253 1352 1368 1420 eodem
1385 1352 1465 1446 llly-

431 1475 520 1560 rico,
537 1476 600 1544 Cn.
621 1473 787 1540 Domitius
805 1471 961 1542 Calvinus
980 1474 1013 1540 in
1037 1475 1144 1540 Ponto
1166 1472 1363 1555 exercitum,
1382 1475 1465 1538 ami-

432 1605 555 1662 serunt.
574 1594 649 1684 Ipse
667 1591 886 1684 prosperrime
905 1615 1047 1683 semper,
1065 1613 1103 1658 ae
1121 1613 1162 1658 ne
1179 1591 1314 1683 ancipiti
1331 1589 1467 1681 quidem

433 1735 578 1804 unquam
596 1709 747 1796 fortuna,
768 1723 983 1802 preterquam
1003 1709 1070 1792 bis,
1089 1709 1259 1777 dimicavit
1278 1733 1286 1775 :
1306 1705 1401 1776 semel
1422 1707 1468 1774 ad

432 1828 695 1921 Dyrrhachium
713 1828 769 1894 ubi
786 1825 920 1919 pulsus,
938 1851 1005 1894 non
1023 1827 1164 1894 instante
1179 1826 1352 1918 Pompeio,
1369 1849 1470 1917 nega-

433 1948 576 2016 viteam
595 1947 725 2014 vincere
744 1947 827 2012 scire
845 1969 854 2011 ε
875 1945 994 2012 iterum
1016 1945 1049 2010 in
1067 1943 1227 2036 Hispania
1245 1941 1360 2010 ultimo
1378 1969 1469 2036 proe-

435 2062 497 2152 lio,
516 2089 619 2156 quum
636 2062 816 2155 desperatis
841 2061 938 2130 rebus
959 2047 1122 2130 etiam'de
1139 2061 1365 2132 consciscenda
1387 2086 1472 2128 noce

435 2183 603 2277 cogitavit.

484 2304 655 2372 XXXVII.
685 2301 849 2370 Confectis
882 2299 995 2388 bellis,
1027 2301 1201 2393 quinquies
1232 2299 1474 2393 triumphavit;

437 2433 512 2513 post
544 2417 710 2486 devictum
739 2419 927 2512 Scipionem
956 2432 1074 2511 quater
1105 2417 1222 2486 eodem
1254 2441 1383 2499 mense,
1412 2417 1477 2484 sed

439 2536 617 2629 interjectis
632 2535 747 2604 diebus
766 2561 774 2602 ε
791 2549 824 2602 et
838 2560 952 2604 rursus
967 2533 1085 2622 semel,
1100 2549 1174 2629 post
1190 2550 1358 2628 superatos
1372 2537 1478 2603 Pom-

439 2657 504 2748 peii
533 2652 663 2722 liberos.
691 2653 840 2722 Primum
869 2668 902 2722 et
930 2649 1235 2722 excellentissimum
1264 2653 1478 2746 triumphurn

438 2775 505 2867 egit
526 2754 711 2859 Gallicum,
733 2785 924 2863 sequentem
945 2769 1221 2858 Alexandrinum,
1245 2770 1360 2839 deinde
1382 2775 1480 2840 Pou-

441 2893 563 2977 ticum,
582 2891 660 2958 huic
679 2891 868 2984 proximum
891 2890 1103 2973 Africanum,
1122 2891 1335 2958 novissimum
1353 2891 1483 2982 Hispa-

441 3011 605 3095 niensem,
637 3007 765 3076 diverso
795 3033 959 3101 quemque
989 3023 1150 3104 apparatu
1176 3023 1209 3076 et
1238 3010 1482 3076 instrumento.

442 3124 561 3194 Gallici
594 3125 754 3218 triumphi
785 3124 837 3194 die
870 3123 1050 3196 Velabrum
1083 3127 1346 3219 praetervebens‚
1380 3149 1488 3218 paene

442 3267 543 3310 curru
566 3266 721 3311 excussus
748 3257 815 3329 est,
834 3243 893 3311 axe
911 3243 1064 3312 diffracto
1083 3269 1091 3312 ε
1108 3244 1320 3336 ascenditque
1337 3245 1491 3336 Capito-

322 3457 327 3464 ·
443 3359 526 3429 lium
553 3359 595 3431 ad
621 3359 765 3444 lumina,
790 3361 1009 3455 quadraginta
1036 3360 1216 3454 elephantis
1239 3363 1351 3430 dextra
1375 3375 1495 3454 atque

444 3480 576 3548 sinistra
593 3477 796 3572 lychnuchos
815 3479 1029 3573 gestantibus.
1045 3480 1184 3547 Pontico
1200 3480 1369 3572 triumpho
1387 3480 1493 3550 inter

445 3623 573 3692 pompae
589 3596 715 3667 fercula
731 3599 832 3666 trium
849 3599 1026 3668 verbomm
1044 3597 1188 3692 praetulit
1204 3597 1353 3686 titulum,
1369 3601 1499 3689 vsm,

444 3720 759 3805 v1n1,v1o:n0n
782 3731 854 3786 acta
876 3715 952 3784 belli
977 3716 1230 3811 significantem,
1251 3717 1335 3785 sicut
1358 3721 1502 3806 ceteri,

446 3837 501 3906 sed
519 3836 667 3904 celeriter
684 3836 824 3906 confecti
841 3851 964 3905 notam.

493 3958 683 4026 XXXVIII.
714 3957 888 4026 Veteranis
919 3952 1103 4048 legionibus
1134 3953 1250 4050 praedae
1280 3957 1422 4024 nomine
1464 3959 1508 4026 in

448 4072 570 4163 pedites
592 4073 737 4168 singulos
758 4097 857 4166 super
876 4073 954 4140 bina
976 4075 1142 4160 sestertia,
1166 4099 1239 4166 quae
1261 4074 1355 4140 initio
1376 4075 1510 4146 civilis
