3114 5446
504 557 514 578 ·
529 529 640 585 NERO·
1037 533 1091 601 aas

85 658 209 727 ommno
225 655 361 742 darent,
378 654 540 748 prebente
557 653 671 722 erario
685 653 850 746 gratuita:
869 667 968 746 utque
983 679 1093 726 rertun
1165 717 1166 722 ,

86 791 149 846 actu
165 775 206 844 ab
223 775 340 842 aerario
357 795 460 842 muse
478 771 521 840 ad
538 775 657 839 Forum
676 793 714 838 ac
729 786 972 867 recuperatores
989 788 1094 844 uane-

85 898 239 964 tenenun
255 919 265 962 ι
283 907 316 960 et
332 905 369 960 ut
391 913 504 958 omnes
520 886 753 984 appellationes
771 889 968 982 ajudicibus
985 891 1027 960 ad
1045 918 1094 962 se·

85 1029 187 1083 natum
204 1013 329 1082 fierent.

124 1135 247 1202 XVIII.
264 1127 412 1224 Augendi
427 1127 693 1222 propagandique
710 1130 837 1221 imperii
855 1153 961 1222 neque
980 1129 1096 1199 volun·

85 1265 141 1320 tate
157 1248 247 1336 ulla,
264 1272 370 1340 neque
381 1271 438 1341 spe
455 1261 563 1315 motus
575 1271 741 1339 unquam,
757 1249 854 1316 etiarn
869 1272 910 1316 ex
925 1249 1095 1318 Britannia

87 1367 238 1437 deducere
260 1366 435 1436 exercitum
458 1366 639 1460 cogitavit:
659 1389 720 1434 neo
735 1367 797 1433 nisi
820 1365 1035 1453 verecundia,
1051 1391 1094 1435 ne

84 1487 259 1554 obtrectare
270 1485 412 1578 parentis
428 1482 538 1577 gloria
553 1481 727 1569 videreurr,
739 1483 872 1552 destitit.
886 1487 982 1552 Ponti
996 1485 1095 1554 modo

83 1631 235 1699 regnum,
254 1603 457 1674 eoncedente·
466 1601 658 1688 Polemone,
675 1604 754 1671 item
768 1601 922 1696 Alpium,
940 1603 1094 1677 defuncto

84 1727 204 1810 Cottio,
222 1723 256 1790 in
275 1724 448 1816 provinciae
462 1723 600 1790 sormam
615 1721 750 1815 redegit.

125 1847 214 1911 xlx.
237 1841 515 1935 Peregrinationes
531 1840 612 1908 duas
633 1842 767 1908 omnino
784 1844 946 1934 suscepit,
964 1842 1095 1912 alexan·

83 1961 204 2030 driuam
224 1974 258 2029 et
279 1961 442 2030 achaicum
462 1985 470 2027 τ
489 1959 546 2028 sed
564 1958 774 2028 alexandrina
792 1959 863 2053 ipso
886 1961 1096 2054 profectionis

82 2079 128 2146 die
147 2079 295 2165 destitit,
313 2079 462 2148 turbatus
484 2077 640 2170 religione
657 2076 754 2146 simul
775 2102 815 2146 ac
836 2077 990 2170 periculo.
1009 2083 1095 2151 Nam

81 2199 221 2268 circuitis
242 2195 370 2290 templis
389 2221 491 2290 quum
509 2197 543 2264 in
559 2195 626 2264 ede
640 2199 747 2265 Vestae
763 2195 948 2285 resedisset,
967 2221 1097 2268 consur

81 2317 214 2407 gentici
239 2319 383 2409 primum
405 2314 523 2384 lacinia
540 2314 675 2384 obhaesit
693 2342 701 2382 ι
721 2311 839 2383 deinde
865 2329 957 2384 tanta
979 2317 1095 2387 oborta

80 2433 180 2528 caligo
198 2451 268 2522 est,
288 2448 327 2502 ut
344 2433 504 2528 dispicere
519 2416 586 2502 non
606 2449 724 2528 posset.
742 2439 783 2502 ln
800 2435 921 2503 Achaia
939 2437 1096 2504 istlunurn

79 2553 248 2644 perfodere
268 2577 456 2647 aggressus,
480 2553 691 2646 praetorianos
716 2577 777 2646 pro
797 2554 953 2622 concione
981 2553 1023 2621 ad
1049 2556 1098 2622 in-

51 2647 264 2740 'madum
291 2695 374 2764 opus
401 2672 588 2740 cohortatus
616 2686 682 2755 est;
707 2670 851 2761 tubaque
878 2672 971 2763 signo
999 2671 1096 2758 dato,

78 2790 200 2880 primus
228 2787 361 2860 rastello
383 2791 521 2859 humum
541 2789 672 2876 effodit,
693 2803 725 2857 et
749 2787 890 2857 corbulae
911 2803 1097 2882 congestam

79 2911 221 2977 inumeris
236 2907 362 2978 extulit.
379 2909 520 2977 Parabat
534 2923 566 2976 et
585 2907 627 2976 ad
644 2909 778 3000 Caspias
792 2922 903 3000 portas
921 2908 1097 3000 expeditio-

76 3049 168 3112 nem,
187 3029 371 3121 conscripta
387 3052 427 3096 er
440 3025 556 3096 italicis
572 3051 686 3094 senum
702 3027 823 3119 pedum
838 3026 999 3094 tironibus
1012 3051 1098 3094 nova

77 3142 223 3240 legione,
241 3170 340 3239 quam
360 3148 473 3240 Magni
492 3143 667 3216 Alexandri
684 3144 880 3240 phalangem
900 3143 1097 3238 appellabat.

75 3267 150 3332 Huc
168 3267 291 3358 partim
309 3263 397 3332 nulla
416 3263 685 3357 reprehensione,
707 3265 825 3356 partim
838 3266 934 3332 etiam
947 3289 1014 3333 non
1032 3289 1100 3334 me-

73 3379 180 3450 diocri
204 3382 301 3451 laude
326 3382 424 3476 digna
449 3382 483 3449 in
506 3405 608 3450 unum
629 3380 774 3472 contuli,
796 3397 833 3450 ut
857 3407 1057 3451 secernerem
1079 3407 1097 3450 a

73 3501 206 3590 probris
221 3525 260 3569 ac
275 3499 449 3568 sceleribus
468 3503 553 3592 ejus,
569 3500 610 3568 de
628 3501 747 3593 quibus
765 3500 883 3569 dehine
900 3501 1016 3570 dicam.

117 3621 200 3686 XX.
221 3621 311 3686 later
323 3633 446 3688 ceteras
462 3617 648 3712 disciplinas
667 3620 812 3711 pueritie
831 3634 976 3710 tempore
996 3618 1099 3686 imbu-

70 3749 123 3803 tus
137 3751 175 3805 et
191 3739 330 3824 musica,
348 3738 457 3807 statim
469 3753 507 3806 ut
521 3739 693 3830 imperium
704 3737 841 3831 adeptus
851 3751 901 3805 est
909 3789 918 3820 ‚
931 3740 1097 3830 Terpnum

69 3855 315 3944 citharoedum,
332 3859 494 3950 vigentem
509 3872 588 3925 tunc
602 3872 717 3950 praeter
727 3855 1019 3944 alios,arcessivit;
1036 3853 1100 3922 die·

67 3973 206 4067 busque
230 3977 392 4044 continuis
413 3991 487 4069 post
510 3999 635 4044 coenam
665 3976 793 4044 canenti
825 3977 858 4041 in
881 3972 1015 4041 multam
1041 3997 1100 4040 no-

68 4107 158 4162 ctem
179 4092 508 4187 assidens,paulatim
520 4107 551 4162 et
565 4095 633 4188 ipse
649 4092 798 4162 meditari
815 4087 1022 4181 exercerique
1036 4113 1098 4157 coe·

904 4207 958 4278 16.
