3138 5438
264 531 295 586 C
316 529 491 586 SUEToNu
512 531 699 589 ocrtvws
713 535 920 592 AUGUSTUS.
1074 535 1107 593 51

79 671 144 724 turn
159 651 258 736 feeit,
273 651 407 722 AEmilio
422 656 513 747 Papo
529 653 737 749 imperatore.
750 661 841 729 Avus
855 657 1111 754 municipalibus

80 775 273 868 magisteriis
290 789 486 860 contentus,
505 775 697 846 abundante
713 780 932 872 patrimonio,
951 779 1113 874 tranquil·

81 894 199 964 limime
216 896 337 964 senuit.
357 891 422 964 Sed
437 897 507 966 hec
518 895 585 966 alii.
601 901 677 991 Ipse
692 902 858 992 Augustus
873 899 956 970 nihil
972 899 1113 994 amplius

81 1041 177 1110 quam
198 1015 345 1109 equestri
364 1013 488 1086 familia
504 1031 615 1086 ortum
636 1043 670 1087 se
689 1019 817 1106 scribit,
836 1034 946 1088 vetere
965 1043 1003 1088 ac
1023 1019 1113 1090 locu·

45 1121 50 1134 ¹
81 1135 182 1229 plete,
197 1150 233 1204 et
248 1136 283 1203 in
296 1159 363 1230 qua
377 1135 504 1230 primus
518 1152 652 1206 senator
664 1151 758 1232 pater
773 1163 851 1207 suns
866 1138 976 1208 fuerit.
989 1139 1037 1207 M.
1051 1143 1115 1209 An·

81 1257 189 1325 tonius
212 1255 405 1326 libertinum
426 1257 455 1326 ei
479 1279 639 1350 proavum
661 1259 856 1352 exprobrat,
879 1259 1074 1343 restionem,
1096 1283 1115 1328 e

81 1399 166 1470 pago
182 1375 336 1445 Thurino
354 1403 362 1445 ε
380 1399 479 1446 avum
497 1379 731 1470 argentarium.
747 1379 818 1447 Nec
833 1377 1011 1471 quicquam
1028 1377 1115 1448 ultra

83 1495 120 1564 de
136 1497 284 1589 paternis
300 1498 441 1590 Augusti
459 1497 640 1589 majoribus
659 1498 776 1592 reperi.

61 1603 64 1610 ¹
128 1617 190 1684 111.
216 1619 256 1686 C.
276 1615 433 1685 Octavius
456 1629 567 1708 pater,
591 1641 610 1685 a
635 1616 797 1709 principio
822 1616 945 1703 etatis,
968 1631 1001 1686 et
1026 1641 1061 1684 re
1083 1629 1116 1685 et

84 1735 326 1803 existimatione
354 1757 475 1828 magna
503 1735 566 1803 fuit
596 1759 605 1802 τ
636 1749 673 1803 ut
701 1734 852 1828 equidem
880 1735 999 1826 mirer,
1026 1735 1116 1804 bunc

84 1877 215 1946 quoque
227 1877 248 1920 a
260 1850 431 1920 nonnullis
446 1853 688 1946 argentarium,
703 1867 802 1948 atque
818 1854 917 1922 etiam
933 1855 1019 1922 inter
1034 1853 1117 1922 divi·

85 1995 170 2038 sores
201 1993 387 2065 operasque
415 1983 635 2064 campestres,
665 1969 845 2064 proditum.
873 1969 1001 2066 Amplis
1029 1974 1118 2041 enim

87 2089 268 2158 innutritus
282 2089 578 2182 opibus,.honores
595 2103 629 2158 et
644 2089 782 2183 adeptus
797 2103 847 2158 est
862 2087 971 2179 facile,
986 2105 1019 2160 et
1032 2117 1120 2185 egre·

88 2209 134 2302 gie
163 2207 419 2276 administravit.
451 2211 501 2277 Ex
534 2221 677 2302 praetura
705 2209 936 2278 Macedoniam
963 2211 1119 2298 sortitus,

88 2326 259 2421 fugitivos,
274 2326 443 2396 residuam
457 2327 603 2421 Spartaci
619 2341 652 2395 et
669 2317 818 2396 Catilinae
832 2351 988 2416 manum,
1002 2330 1121 2398 'Illuri-

90 2469 163 2514 num
182 2469 304 2541 agrum
322 2457 486 2532 tenentes,
505 2445 539 2512 in
560 2445 680 2514 itinere
699 2438 837 2532 delevit,
854 2447 989 2540 negotio
1006 2449 1067 2516 sibi
1086 2448 1120 2516 in

91 2580 200 2634 senatu
223 2579 321 2634 extra
337 2562 488 2633 ordinem
506 2563 593 2632 dato.
615 2563 796 2634 Provinciae
816 2565 946 2658 prefuit
966 2591 1034 2634 non
1057 2567 1120 2634 mi·

92 2709 166 2752 nore
177 2684 314 2778 justitia
330 2707 428 2776 quam
448 2683 653 2754 fortitudine.
671 2683 822 2776 Namque
838 2685 943 2754 Bessis
960 2707 999 2751 ac
1014 2683 1121 2752 Thra·

93 2803 178 2872 cibus
191 2827 318 2897 magno
331 2797 450 2896 proelio
460 2801 556 2888 lusis,
569 2803 614 2870 ita
626 2803 731 2872 socios
746 2801 915 2885 tractavit,
927 2815 965 2870 ut
978 2800 1123 2896 epistolae

93 2923 135 2990 lb
156 2921 263 2991 Tullii
281 2922 453 2991 Ciceronis
472 2935 620 3006 exstent,
641 2921 760 3014 quibus
782 2921 948 3010 Quintum
968 2919 1122 3009 fratrem,

92 3042 203 3112 eodm
216 3057 368 3134 tempore
379 3065 497 3134 parum
508 3039 651 3108 secunda
660 3040 745 3108 fama
758 3035 1027 3134 proconsulatum
1038 3040 1126 3107 Asiae

94 3159 395 3245 administrantem,
412 3155 568 3227 bortatur
582 3173 616 3227 et
632 3172 760 3244 monet,
778 3159 926 3231 imitetur
943 3157 976 3225 in
993 3181 1124 3250 prome·

93 3279 201 3347 rendis
221 3279 322 3346 sociis
339 3279 486 3346 vicinum
506 3301 602 3346 suum
621 3277 809 3346 Octavium.

137 3401 196 3468 IV.
223 3396 399 3471 Decedens
413 3396 621 3481 Macedonia,
636 3397 827 3489 priusquam
842 3395 990 3489 profiteri
1005 3422 1039 3465 se
1051 3422 1127 3466 can·

95 3515 245 3586 didatum
268 3513 461 3584 consulatus
484 3527 612 3608 posset,
633 3529 774 3584 mortem
793 3515 878 3608 obiit
897 3517 1126 3609 repentinam,

94 3635 333 3730 superstitibus
344 3632 469 3720 liberis,
483 3617 621 3703 Octavia
634 3633 773 3726 majore,
786 3657 885 3726 quam
897 3647 937 3702 e'x
948 3634 1127 3720 Ancharia,

94 3767 124 3821 et
140 3753 286 3824 Octavia
304 3753 449 3836 minore,
465 3752 544 3820 item
558 3755 727 3845 Augusto,
746 3775 829 3844 quos
845 3777 885 3820 ex
904 3752 979 3821 Atia
997 3747 1127 3819 tulerat.

92 3877 167 3942 Atia
186 3875 239 3944 Μ.
262 3874 340 3943 Atio
359 3870 461 3940 balbo
480 3885 514 3939 et
531 3869 634 3958 Iulia,
655 3893 768 3939 sorore
788 3873 824 3941 C.
846 3871 1001 3958 Caesaris,
1020 3871 1130 3964 genita

92 4008 148 4062 est.
172 3990 322 4078 Balbus,
343 4005 479 4085 paterna
500 3992 601 4084 stirpe
622 3992 794 4080 Aricinus,
814 3990 926 4059 multis
951 3991 984 4058 in
1007 3987 1130 4058 familia

93 4112 276 4180 senatoriis
286 4111 641 4204 imaginibus‚arnatre
649 4115 810 4206 Magnum
818 4111 1013 4204 Pompeium
1023 4109 1132 4180 arctis·

956 4232 988 4304 [ι.
