3168 5440
330 535 379 589 ns
399 533 648 590 recusaturus
670 533 947 591 calanensis.
1130 533 1166 609 89

135 661 257 728 Dinaea
277 659 413 729 Cinna:

264 827 364 885 Secula
379 837 545 901 permaneat
560 827 651 882 nostri
667 827 764 882 Dalana
780 827 906 883 Catonis.

134 977 219 1044 vnit
236 975 280 1044 ad
300 991 481 1045 extremam
500 989 686 1058 senectam,
706 975 819 1046 sedin
845 1001 974 1046 summa
997 977 1168 1070 pauperie,

132 1113 162 1167 et
179 1121 274 1192 paene
299 1098 432 1192 inopia,
454 1096 586 1165 abditus
608 1095 739 1165 modico
763 1097 964 1192 gurgustio,
990 1111 1167 1190 postquam

131 1216 299 1287 tusculana
320 1215 396 1284 villa
422 1217 641 1285 creditoribus
666 1231 829 1306 cesserat,
849 1232 886 1286 ut
905 1231 1022 1286 auctor
1040 1231 1090 1286 est
1111 1218 1167 1288 Bi·

130 1338 263 1410 baculus
281 1365 289 1406 :

284 1506 392 1580 Siquis
411 1506 485 1562 sorte
503 1507 561 1562 mei
573 1505 692 1562 domum
709 1506 838 1576 Catonis,

286 1599 419 1674 Depictas
431 1598 523 1656 minio
536 1601 658 1668 assulas,
672 1609 700 1654 et
713 1599 779 1655 illos

286 1691 417 1748 Custodis
433 1691 513 1748 videt
525 1691 656 1772 hortulos
669 1691 780 1765 Prmpi,

286 1785 417 1854 Miretur,
431 1784 534 1858 quibus
548 1785 597 1840 ille
609 1785 768 1858 disciplinis

288 1879 408 1932 Tantam
426 1877 462 1932 sit
480 1877 647 1951 sapientiam
667 1889 822 1947 assecutus,

288 1971 380 2040 Quem
397 1981 453 2026 tres
469 1971 614 2040 cauliculi,
630 1981 658 2026 et
678 1971 782 2028 selibra
799 1972 896 2042 famis,

288 2065 405 2121 Racemi
424 2064 495 2138 duo,
511 2065 604 2140 tegula
620 2064 674 2119 sub
691 2083 747 2120 una

291 2157 338 2213 Ad
356 2177 496 2214 summam
512 2176 605 2232 prope
617 2156 746 2212 naniam
761 2167 913 2216 senectam.

128 2311 167 2377 Et
188 2307 278 2376 idem
298 2332 436 2377 rursus:

288 2475 405 2531 Catonis
423 2475 529 2545 modo,
543 2476 642 2544 Galle,
655 2477 846 2533 Tnsnrlauum

287 2569 361 2624 Tota
379 2567 504 2625 creditor
521 2569 592 2624 urbe
605 2569 781 2626 venditabat.

288 2660 387 2716 Mirati
400 2679 511 2731 sumus,
532 2661 645 2717 unicum
657 2663 843 2737 magistrum,

288 2754 433 2810 Summum
446 2755 673 2828 grammaticum,
687 2755 827 2830 optimum
840 2765 967 2831 poetam,

286 2845 393 2902 Omnes
411 2849 522 2904 solvere
540 2866 624 2922 posse
644 2849 830 2922 quaestiones,

288 2939 385 2994 Unum
402 2938 519 2996 difficile
535 2941 672 3015 expedire
687 2960 804 2997 nomen.

287 3030 332 3086 Eu
344 3051 395 3088 cor
414 3033 569 3102 Zenodoti,
590 3053 626 3089 en
640 3033 722 3106 jecur
740 3033 878 3090 Cratetis!

172 3186 257 3252 XII.
273 3180 451 3252 Cornelius
467 3183 652 3278 Epicadus,
671 3183 767 3253 Lucii
782 3181 929 3254 Cornelii
944 3181 1044 3252 Sulla
1063 3139 1170 3253 dicta·

119 3301 211 3372 toris
233 3301 389 3391 libertus,
409 3302 601 3396 calatorque
629 3305 664 3374 iu
686 3301 1065 3398 sacerdotioaugnrali,
1083 3303 1171 3373 filin-

116 3449 191 3518 que
216 3425 291 3518 ejus
307 3424 429 3494 Fausto
454 3425 659 3519 gratissimus
672 3424 741 3492 ‘fuit
763 3449 771 3492 :
792 3448 895 3517 quare
914 3449 1085 3518 nunqnam
1103 3450 1172 3493 non

115 3546 306 3638 utriusque
320 3570 355 3613 se
369 3541 524 3613 libertum
538 3543 651 3612 edidit.
665 3543 805 3613 Librum
818 3558 947 3630 autem,
961 3567 1061 3636 quem
1079 3541 1170 3612 Sulla

115 3665 348 3734 novissimum
368 3663 410 3733 de
430 3663 530 3733 rebus
550 3665 617 3732 suis
637 3662 865 3758 imperfectum
885 3661 1080 3755 reliquerat,
1103 3664 1173 3758 ipse

110 3783 307 3880 supplevit.

167 3907 275 3975 XIII.
299 3905 462 3975 Laberius
479 3909 562 3975 Eros
587 3907 669 3976 hero
690 3930 751 3975 suo
777 3919 886 3974 emtus
908 3903 950 3973 de
970 3918 1112 3992 catasta,
1140 3918 1174 3972 et

108 4039 270 4120 propter
292 4024 479 4096 litterarum
505 4025 652 4094 studium
676 4026 920 4109 manumissus,
948 4021 1062 4092 docuit
1089 4024 1174 4092 inter

102 4161 260 4217 ceteros
283 4149 425 4215 Brutum
450 4159 483 4214 et
508 4147 669 4216 Cassium.
692 4148 794 4228 Sunt,
821 4145 879 4238 qui
900 4141 1058 4231 tradant,
1082 4157 1175 4212 tanta
