3108 5434
446 517 499 570 108
834 519 863 572 C.
884 519 1057 574 SUETONII

443 643 508 708 rire
530 666 537 707 :
561 655 710 708 senatum
735 643 926 710 exterritum
950 643 1112 710 censuisse
1136 665 1176 708 ne
1200 643 1271 732 quis
1296 639 1353 709 illo
1375 665 1450 708 anno

443 761 574 852 genitus
593 759 803 847 educaretur3
819 785 890 848 eos,
906 763 964 852 qui
981 760 1132 854 gravidas
1150 785 1267 829 uxores
1286 761 1451 842 haberent,

444 879 534 971 quod
559 879 601 946 ad
629 903 663 947 se
689 881 827 972 quisque
852 904 942 972 spem
966 879 1130 968 traheret,
1152 903 1284 948 curasse
1307 903 1350 948 ne
1370 903 1453 948 sena·

444 995 687 1066 tusconsultum
717 997 759 1064 ad
788 1000 938 1066 aerarium
971 997 1161 1066 deferretur.
1194 1001 1233 1067 ln
1265 995 1454 1091 Asclepiadis

443 1117 605 1185 Mendetis
627 1111 880 1207 Θεολογουμὲνων
912 1115 1004 1186 libris
1031 1115 1124 1210 lego,
1149 1119 1274 1202 Atiam,
1298 1139 1399 1208 quum
1423 1115 1455 1182 ad

443 1235 600 1305 sollemne
617 1235 778 1331 Apollinis
794 1261 923 1306 sacrum
946 1235 1052 1304 media
1070 1251 1165 1304 nocte
1184 1237 1343 1319 venisset,
1362 1233 1456 1326 posita

444 1357 478 1422 in
498 1354 621 1450 templo
641 1355 776 1439 lectica,
793 1355 873 1424 dum
895 1368 1009 1424 ceterae
1026 1371 1184 1424 matronae
1203 1355 1338 1422 domum
1360 1355 1454 1436 irent,

444 1474 665 1558 obdormisse;
683 1475 860 1544 draconem
879 1487 1013 1568 repente
1033 1475 1200 1567 irrepsisse
1217 1473 1258 1541 ad
1275 1497 1363 1557 eam,
1382 1496 1456 1564 pau·

445 1593 543 1686 loque
561 1609 633 1688 post
654 1619 841 1688 egressum
860 1593 1016 1686 illamque
1034 1592 1312 1688 expergefactam,
1333 1592 1457 1684 quasia

445 1715 622 1781 concubitu
647 1715 775 1801 mariti,
796 1713 984 1808 purificasse
1007 1737 1068 1781 se:
1090 1728 1123 1781 et
1142 1713 1251 1780 statim
1272 1713 1305 1778 in
1325 1735 1458 1803 corpore

445 1834 515 1924 ejus
544 1833 703 1900 exstitisse
732 1831 914 1917 maculam,
941 1830 1031 1900 velut
1058 1833 1177 1924 depicti
1203 1831 1376 1916 draconis,
1404 1853 1460 1896 nce

446 1952 590 2043 potuisse
613 1977 758 2052 unquam
783 1954 889 2046 exigi,
911 1951 992 2020 adeo
1012 1966 1049 2027 ut
1070 1977 1146 2019 mox
1170 1949 1309 2044 publicis
1331 1947 1463 2017 balineis

448 2084 608 2162 perpetuo
624 2071 821 2139 abstinuerit
838 2075 1047 2164 :Augustum
1064 2083 1177 2138 natum
1194 2093 1306 2174 mense
1322 2067 1466 2151 decimo,

447 2202 480 2255 et
503 2187 546 2256 ob
570 2188 633 2255 hoc
657 2185 817 2280 Apollinis
841 2188 946 2257 filium
972 2189 1202 2257 existimatum.
1228 2187 1350 2256 Eadem
1377 2187 1467 2269 Atia,

449 2307 540 2398 prius
563 2331 661 2398 quam
687 2319 832 2399 pareret,
853 2309 1046 2396 somniavit,
1067 2307 1220 2374 intestina
1245 2327 1303 2374 sua
1326 2303 1405 2372 ferri
1430 2303 1468 2371 ad

450 2423 572 2512 sidera,
591 2423 811 2520 explicarique
829 2451 1035 2519 peromnem
1054 2441 1214 2495 terrarum
1228 2439 1259 2494 et
1276 2424 1347 2493 coeli
1369 2425 1472 2492 ambi-

450 2560 531 2612 tum.
559 2547 743 2614 Somniavit
769 2560 802 2614 et
827 2561 920 2640 pater
945 2547 1121 2634 Octavius,
1152 2560 1245 2614 utero
1271 2547 1353 2616 Atiae
1377 2543 1474 2636 jubar

449 2664 525 2732 solis
553 2680 715 2734 exortum.
742 2670 821 2756 Quo
846 2681 941 2735 natus
966 2681 1016 2735 est
1040 2667 1107 2752 die,
1131 2690 1234 2758 quum
1259 2665 1299 2732 de
1322 2661 1475 2733 Catilina

449 2785 676 2876 conjuratione
698 2799 850 2880 ageretur
874 2786 908 2853 in
930 2787 1039 2871 curia,
1060 2801 1093 2854 et
1116 2786 1274 2854 Octavius
1295 2783 1339 2852 ob
1368 2783 1479 2851 uxoris

450 2905 660 2997 puerperium
688 2905 792 2972 serius
818 2903 982 2991 affuisset,
1006 2917 1086 2974 nota
1112 2929 1149 2972 ac
1174 2903 1307 2997 vulgata
1331 2927 1389 2971 res
1416 2915 1481 2982 est,

451 3024 487 3088 P.
509 3022 697 3115 Nigidium,
716 3039 885 3116 comperta
905 3049 1005 3092 morae
1023 3048 1136 3110 causa,
1156 3037 1192 3091 ut
1208 3024 1323 3090 horam
1345 3046 1483 3115 quoque

434 3131 566 3232 ¹partus
592 3141 769 3234 acceperit,
795 3141 992 3230 affirmasse,
1019 3142 1188 3210 dominum
1215 3155 1384 3212 terrarum
1410 3141 1482 3209 orbi

339 3327 344 3338 ,
454 3275 579 3328 natum.
597 3263 736 3331 Octavio
751 3277 881 3354 postea,
896 3287 998 3355 quum
1015 3287 1074 3355 per
1090 3276 1213 3330 secreta
1228 3261 1383 3330 Thraciae
1398 3285 1488 3328 exer-

454 3381 556 3449 citum
577 3381 726 3466 duceret,
744 3382 778 3448 in
798 3383 908 3451 Liberi
927 3383 1029 3475 patris
1048 3381 1123 3450 luco
1140 3381 1278 3450 barbara
1297 3383 1490 3450 cerimonia

452 3499 493 3568 de
510 3499 578 3568 filio
594 3499 793 3586 consulenti,
810 3501 895 3570 idem
913 3501 1111 3569 affirmatum
1127 3515 1177 3569 est
1192 3525 1211 3568 a
1229 3501 1467 3570 sacerdotibus
1485 3525 1491 3564 :

453 3619 560 3712 quod,
582 3617 689 3689 infuso
709 3645 807 3714 super
828 3619 943 3688 altaria
966 3645 1071 3706 mero,
1094 3633 1221 3687 tantum
1239 3619 1388 3712 flammae
1409 3622 1493 3687 emi-

453 3739 587 3824 suisset,
603 3751 640 3806 ut
652 3761 861 3832 supergressa
876 3737 1041 3831 fastigium
1056 3736 1168 3831 templi
1182 3738 1224 3806 ad
1238 3735 1364 3806 coelum
1386 3763 1497 3832 usque

454 3858 615 3945 ferretur3
644 3858 767 3949 unique
796 3850 926 3952 [olim]
955 3859 1091 3924 omnino
1120 3859 1242 3951 Magno
1270 3856 1499 3942 Alexandro,

453 3975 540 4068 apud
555 3974 685 4044 easdem
705 3997 779 4043 aras
796 3976 1014 4063 sacrificanti,
1028 3973 1131 4043 simile
1149 3975 1362 4068 provenisset
1383 3991 1503 4046 osteu-

454 4107 533 4160 tum.
556 4098 663 4185 Atque
684 4097 782 4162 etiam
804 4096 986 4186 insequenti
1010 4097 1120 4162 statim
1139 4110 1233 4162 nocte
1255 4093 1378 4162 videre
1408 4099 1505 4162 visus
