3138 5438
425 475 461 532 32
773 506 775 513 ·
829 477 858 532 c.
878 445 1052 532 su'aroun

373 603 378 612 ’
424 597 513 692 quod
525 599 713 667 inscribitur
727 603 801 667 Iter.
818 599 971 684 Quorum
986 574 1148 666 librorum
1163 599 1286 690 primos
1300 600 1335 666 in
1349 613 1454 668 trans-

426 718 474 786 itu
504 715 659 812 Alpium,
688 740 792 810 quum
821 741 861 784 ex
893 717 1043 784 citeriore
1072 714 1203 802 Gallia,
1237 718 1454 786 conventibus

425 837 584 930 peractis,
608 833 650 903 ad
673 835 852 904 exercitum
875 833 1016 921 rediret3
1042 849 1212 927 sequentes
1238 835 1300 904 sub
1324 851 1454 930 tempus

425 953 618 1022 Mundensis
641 951 747 1046 proelii
766 951 862 1038 fecit3
887 954 1122 1036 novissimum,
1147 951 1227 1020 dum
1250 955 1293 1022 ab
1313 955 1396 1022 urbe
1421 957 1454 1022 in

426 1072 616 1166 Hispaniam
637 1069 826 1140 ulteriorem
846 1084 965 1163 quarto
986 1085 1020 1138 et
1042 1072 1196 1140 vicesimo
1219 1069 1272 1138 die
1292 1076 1453 1164 pervenit.

425 1187 579 1284 Epistolae
596 1213 728 1282 quoque
745 1190 815 1282 ejus
830 1187 873 1257 ad
890 1202 1040 1258 senatum
1060 1203 1207 1272 exstant,
1227 1213 1308 1280 quas
1326 1191 1454 1282 primus

425 1307 555 1376 videtur
572 1308 614 1376 ad
632 1309 767 1402 paginas
783 1322 817 1376 et
833 1306 972 1376 formam
988 1305 1185 1376 memorialis
1198 1305 1299 1374 libelli
1313 1331 1453 1376 conver·

425 1427 521 1514 tisse,
541 1450 645 1518 quum
662 1440 759 1494 antea
776 1423 926 1494 consules
942 1438 976 1494 et
993 1423 1092 1494 duces
1114 1425 1245 1492 nonnisi
1267 1439 1454 1494 transversa

426 1545 540 1614 charta
557 1545 886 1638 scriptasmitterent.
900 1547 1040 1613 Exstant
1048 1558 1085 1612 et
1098 1543 1140 1612 ad
1153 1545 1361 1632 Ciceronem,
1375 1546 1454 1612 item

427 1661 469 1730 ad
493 1661 667 1730 familiares
693 1661 877 1730 domesticis
901 1660 943 1729 de
969 1661 1100 1729 rebus:
1125 1663 1157 1729 in
1186 1662 1306 1753 quibus
1334 1663 1361 1730 si
1387 1686 1455 1754 qua

427 1778 586 1848 occultius
607 1779 799 1872 perferenda
820 1793 933 1864 erant,
955 1803 1015 1872 per
1038 1793 1132 1848 notas
1155 1781 1304 1874 scripsit,
1328 1779 1362 1848 id
1387 1795 1457 1866 est,

428 1899 474 1966 sie
492 1911 616 1966 structo
636 1895 820 1966 litterarum
841 1897 975 1982 ordine,
999 1911 1037 1966 ut
1054 1895 1183 1965 nullum
1205 1899 1344 1966 verbum
1367 1898 1455 1966 effici

428 2027 537 2108 posset
554 2040 562 2082 z
580 2035 653 2106 quae
673 2015 790 2106 siquis
808 2015 1002 2108 investigare
1018 2029 1051 2082 et
1069 2015 1220 2108 persequi
1236 2014 1332 2104 velit,
1350 2041 1457 2108 quar·

428 2147 497 2200 tam
512 2129 747 2200 elementorum
764 2130 926 2220 litteram,
949 2132 982 2199 id
999 2147 1066 2220 est,
1082 2132 1110 2201 d
1126 2157 1188 2226 pro
1205 2159 1227 2200 a
1236 2185 1246 2217 ,
1268 2147 1301 2202 et
1318 2135 1461 2228 perinde

430 2247 571 2342 reliquas
592 2261 779 2318 commutet.
803 2253 968 2318 Feruntur
991 2265 1024 2318 et
1044 2275 1064 2318 a
1086 2274 1190 2344 puero
1211 2265 1244 2319 et
1266 2252 1308 2320 ab
1327 2252 1462 2322 adoles-

430 2365 562 2436 centulo
579 2367 729 2460 quadam
745 2368 866 2462 scripta
881 2393 889 2435 :
904 2383 943 2437 ut
958 2369 1093 2438 Laudes
1110 2369 1279 2456 Herculii,
1299 2371 1464 2466 tragoedia

433 2485 609 2581 OEdrpus‚
629 2487 707 2557 item
725 2487 826 2556 Dicta
846 2485 1050 2556 collectanea.
1075 2487 1169 2574 Quos
1193 2511 1306 2556 omnes
1330 2486 1465 2558 libellos

430 2605 534 2672 vetuit
557 2607 726 2698 Augustus
750 2602 930 2698 publicari,
957 2607 990 2673 in
1017 2604 1170 2698 epistola,
1197 2630 1297 2698 quam
1323 2607 1467 2678 brevem

430 2719 607 2790 admodum
619 2746 658 2792 ac
671 2719 849 2816 simplicem
861 2721 903 2790 ad
914 2724 1107 2816 Pompeium
1121 2727 1290 2812 Macrum,
1305 2725 1359 2806 cui
1373 2726 1485 2793 ordi·-

431 2839 554 2908 nandas
570 2838 782 2907 bibliothecas
800 2837 1022 2931 delegaverat,
1040 2843 1137 2908 misit.

478 2959 581 3024 LVII.
610 2959 787 3025 Armorum
816 2971 849 3023 et
875 2957 1041 3048 equitandi
1069 2962 1306 3052 peritissimus,
1336 2963 1472 3035 laboris

432 3071 519 3141 ultra
536 3071 634 3140 fidem
650 3074 776 3166 patiens
791 3088 861 3141 erat
880 3075 937 3143 :in
951 3077 1079 3168 agmine
1094 3102 1335 3172 nonnunquam
1355 3107 1472 3176 equo,

432 3189 549 3282 sapius
573 3189 710 3282 pedibus
733 3192 895 3278 anteibat,
919 3195 1025 3288 capite
1049 3194 1195 3284 detecto,
1222 3222 1279 3266 seu
1306 3199 1376 3287 sol,
1406 3229 1473 3271 seu

432 3307 536 3373 imber
555 3321 648 3375 esset
667 3309 893 3402 longissimas
903 3313 971 3379 vias
992 3312 1174 3382 incredibili
1193 3315 1359 3386 celeritate
1380 3345 1475 3390 con-

431 3422 523 3510 fecit,
540 3424 724 3518 expeditus,
741 3428 907 3494 meritoria
923 3428 1043 3514 rheda,
1059 3445 1195 3499 centena
1211 3459 1373 3526 passuum
1390 3441 1477 3507 mil-

431 3537 475 3610 lia
493 3541 527 3609 in
544 3541 689 3634 singulos
707 3543 775 3612 dies
795 3569 803 3612 :
821 3548 847 3612 si
866 3545 1002 3614 flumina
1018 3565 1242 3637 morarentur,
1262 3553 1377 3622 nando
1400 3572 1479 3626 tra-

428 3657 561 3750 jiciens,
580 3657 629 3727 vel
648 3661 779 3730 innixus
798 3660 917 3730 inllatis
936 3665 1085 3752 utribus,
1105 3681 1143 3734 ut
1160 3692 1306 3763 persaepe
1324 3679 1480 3766 nuutios

431 3773 472 3841 de
489 3799 524 3842 se
539 3779 740 3869 praevenerit.

481 3895 599 3962 LVIII.
626 3897 666 3964 ln
687 3897 1125 3992 obeundisexpeditionibus
1150 3903 1309 3994 dubium,
1332 3916 1486 3984 cautior

432 4033 475 4078 an
505 4010 688 4081 audentior.
717 4017 904 4084 Exercitum
935 4042 1040 4110 neque
1066 4045 1125 4113 per
1154 4022 1312 4092 insidiosa
1344 4029 1487 4100 itinera
