3108 5434
432 517 485 574 116
621 519 651 572 C.
673 518 848 574 SUETONll
871 518 1056 574 OCTAVIUS
1079 520 1281 576 AUGUSTUS.

429 665 529 710 manu
553 642 736 736 scriptum,
758 641 1011 736 depositumque
1036 641 1125 736 apud
1156 668 1209 730 se,
1231 643 1376 737 virgines
1398 669 1463 713 ves-

428 759 508 830 tales
526 786 603 830 cum
622 762 727 830 tribus
745 762 949 856 signatisque
967 784 1059 856 aeque
1076 760 1301 834 voluminibus
1322 763 1465 856 protule-

427 895 517 950 runt.
538 883 624 971 Quae
648 882 761 950 omnia
779 881 813 948 iu
832 897 950 950 senatu
970 896 1082 974 aperta
1101 896 1202 974 atque
1222 882 1359 950 recitata
1380 897 1465 952 sunt.

387 1003 392 1012 '
427 1001 573 1070 Heredes
594 1001 736 1070 instituit
755 1002 898 1096 primos,
915 1001 1087 1072 Tiberium
1105 1025 1145 1069 ex
1166 1014 1260 1095 parte
1280 1000 1467 1068 dimidiarat

427 1135 591 1206 sextante,
613 1122 742 1190 liviam
761 1146 802 1189 ex
820 1136 917 1217 parte
938 1122 1054 1206 tertia,
1074 1146 1159 1214 quos
1181 1135 1215 1188 et
1239 1120 1325 1188 ferre
1347 1144 1466 1188 nomeu

427 1264 524 1310 suum
550 1239 649 1332 jussit
678 1266 687 1308 :
718 1241 901 1329 secundos,
927 1245 1098 1328 Drusum,
1124 1240 1248 1310 Tiberii
1276 1238 1402 1326 filium,
1428 1266 1468 1307 ex
1542 1221 1544 1228 Α

427 1359 563 1448 triente,
578 1384 618 1428 ex
632 1360 783 1454 partibus
797 1359 932 1454 reliquis
946 1361 1183 1435 Germanicum
1198 1357 1386 1452 liberosque
1399 1360 1468 1452 ejus

428 1493 494 1548 tres
516 1503 614 1548 sexus
636 1477 742 1548 virilis
763 1505 771 1547 :
791 1482 890 1548 tertio
908 1479 1033 1574 gradu,
1053 1480 1260 1574 propinquos
1281 1480 1469 1572 amicosque

426 1597 623 1693 complures.
642 1601 782 1694 Legavit
798 1597 925 1694 populo
942 1604 1094 1668 Romano
1108 1599 1393 1694 quadringenties,
1412 1600 1468 1666 tri-

426 1718 536 1788 bubus
557 1719 666 1788 tricies
686 1719 863 1812 quinquies
887 1719 1074 1786 sestertium
1096 1743 1105 1786 :
1128 1717 1335 1811 pretorianis
1357 1715 1471 1786 militi·

426 1835 490 1905 bus
503 1835 636 1932 singula
650 1835 753 1906 millia
768 1860 1000 1922 nummorum,
1015 1835 1210 1906 cohortibus
1224 1837 1360 1905 urbanis
1375 1837 1473 1928 quin-

428 1983 549 2054 genos,
574 1956 764 2058 legionariis
787 1972 941 2026 trecenos
966 1982 1122 2026 nummos
1148 1983 1157 2026 :
1184 1983 1284 2051 quam
1306 1983 1471 2028 summam

426 2078 656 2174 repraesentari
669 2077 768 2170 jussit
789 2103 797 2145 ε
818 2102 895 2146 nam
913 2091 948 2146 et
965 2077 1177 2148 confiscatam
1199 2100 1329 2172 semper
1348 2079 1473 2172 reposi-

428 2213 563 2292 tamque
579 2197 752 2266 habuerat.
772 2195 913 2290 Reliqua
931 2195 1038 2292 legata
1055 2197 1146 2268 varie
1163 2196 1255 2266 dedit
1272 2222 1280 2264 :
1299 2196 1475 2292 produxit·

428 2343 493 2412 que
510 2317 662 2412 quaedam
680 2317 723 2384 ad
742 2317 841 2386 vicies
861 2319 1068 2405 sestertium,
1088 2317 1211 2410 quibus
1227 2313 1394 2385 solvendis
1412 2341 1475 2384 an-

428 2463 535 2508 nuum
556 2437 643 2510 diem
662 2437 767 2526 finiit,
785 2452 939 2508 excusata
958 2438 1006 2506 rei
1028 2435 1197 2506 familiaris
1215 2437 1448 2506 mediocritate
1468 2464 1477 2504 :

429 2583 491 2628 nec
509 2558 585 2655 plus
604 2575 844 2653 perventurum
860 2557 903 2627 ad
920 2556 1058 2626 heredes
1076 2583 1169 2645 suos,
1187 2581 1287 2652 quam
1304 2555 1424 2626 millies
1443 2571 1479 2626 et

428 2680 655 2774 quingenties,
675 2679 843 2773 prosess'us
862 2703 870 2746 :
889 2678 1042 2772 quamvis
1059 2678 1177 2772 viginti
1196 2677 1356 2772 proximis
1374 2679 1480 2746 aunis

427 2799 652 2892 quaterdecies
672 2797 789 2868 millies
810 2823 850 2867 er
872 2797 1077 2866 testamentis
1097 2799 1281 2866 amicorum
1304 2799 1481 2892 percepis-

428 2933 500 2988 set:
515 2917 606 3012 quod
621 2943 714 3012 paene
728 2943 828 2988 omne
843 2943 919 2988 cum
937 2915 1068 2986 duobus
1083 2917 1228 3010 paternis
1245 2917 1484 3010 patrimoniis,

429 3037 611 3130 ceterisque
636 3037 893 3125 hereditatibus,
919 3039 954 3106 in
980 3035 1219 3133 rempublicam
1250 3037 1486 3106 absumsisset.

427 3155 551 3244 Iulias,
571 3157 674 3226 filiam
697 3171 913 3253 neptemque,
932 3159 960 3226 si
979 3156 1061 3251 quid
1082 3155 1134 3225 his
1154 3155 1345 3246 accidisset,
1368 3160 1492 3228 vetuit

430 3273 585 3370 sepulcro
607 3301 668 3346 suo
690 3277 815 3346 inferri.
838 3281 889 3348 De
912 3277 1019 3346 tribus
1043 3275 1268 3346 voluminibus
1289 3302 1358 3365 unc
1380 3303 1494 3346 man-

431 3393 507 3464 date
522 3395 563 3464 de
577 3395 693 3466 sunere
707 3423 768 3466 suo
784 3397 976 3492 complexus
990 3411 1057 3486 est;
1081 3396 1187 3466 altero
1202 3395 1344 3466 iudicem
1360 3421 1496 3467 rerum

429 3541 449 3586 a
466 3542 501 3586 se
517 3532 705 3612 gestarum,
724 3543 824 3613 quem
843 3517 939 3588 vellet
956 3517 1057 3587 incidi
1078 3518 1114 3586 in
1131 3519 1229 3586 aeneis
1246 3515 1385 3605 tabulis,
1407 3544 1499 3612 quae

430 3653 507 3708 ante
527 3637 731 3709 mausoleum
755 3654 1000 3725 statuerentur;
1026 3639 1125 3708 tertio
1146 3638 1348 3707 breviarium
1371 3642 1502 3708 totius

430 3758 580 3854 imperii,
607 3774 771 3852 quantum
800 3757 943 3828 rnilitum
971 3757 1034 3827 sub
1062 3758 1164 3852 signis
1193 3757 1316 3852 ubique
1338 3775 1506 3850 essent,

430 3893 593 3974 quantum
606 3881 754 3974 pecuniae
766 3881 801 3948 in
812 3879 930 3950 aerario
941 3893 975 3948 et
986 3878 1074 3950 fiscis
1085 3893 1120 3948 et
1131 3875 1389 3974 uectigaliorum
1407 3883 1508 3950 resi·

431 3997 515 4070 duis.
533 3999 663 4095 Adjecit
678 4016 712 4070 et
727 3999 923 4069 libertorum
940 4023 1177 4094 servorumque
1194 4000 1345 4090 nomina,
1364 4026 1390 4070 a
1414 4006 1514 4096 qui-

430 4118 493 4188 bus
512 4122 597 4190 ratio
615 4123 702 4216 exigi
718 4134 838 4216 posset.
