3114 5446
386 537 441 605 aar
785 535 816 590 c.
837 535 1012 591 sunronn
1136 539 1137 542 ¹

385 684 485 754 quam
500 683 554 746 se,
573 658 606 726 in
626 659 792 752 patrissui
812 657 921 728 locum
940 671 1165 750 cooptassent,
1180 658 1234 750 jus
1254 655 1405 726 sacerdo·

385 793 456 848 tum
473 777 757 874 subrogandorum
774 801 793 844 a
810 775 954 872 collegiis
970 776 1013 846 ad
1032 773 1190 870 populum
1210 773 1376 844 transtulit
1397 802 1405 842 :

385 921 423 966 ac
435 899 469 964 in
480 893 668 982 consulatu,
682 893 913 990 Allobrogibus
924 895 1143 987 Arvernisque
1158 895 1332 987 superatis,
1346 891 1407 962 ele·

385 1016 509 1110 phonto
526 1039 586 1108 per
599 1015 801 1107 provinciam
815 1029 928 1084 vectus
943 1029 1011 1101 est,
1028 1013 1124 1084 turba
1142 1011 1299 1098 militum,
1311 1015 1406 1106 quasi

385 1137 472 1204 inter
494 1132 662 1203 sollemnia
687 1132 865 1228 triumphi,
889 1146 1117 1226 prosequente„
1142 1134 1181 1200 ln
1209 1131 1298 1200 huno
1324 1130 1408 1198 dixit

385 1253 532 1322 Licinius
555 1255 690 1322 Crassus
717 1265 841 1338 orator,
864 1281 881 1316 s
898 1253 975 1322 Non
997 1273 1067 1320 esse
1088 1249 1292 1336 mirandum,
1316 1249 1407 1342 quod

384 1397 506 1442 aeneam
519 1371 654 1442 barbam
666 1371 820 1458 baberet,
837 1372 890 1441 cui
907 1395 944 1440 os
961 1370 1123 1458 ferreum,
1141 1394 1199 1438 cor
1214 1367 1408 1462 plumbeum

385 1506 475 1560 esset
492 1521 509 1558 a
528 1493 632 1586 Hujus
654 1490 742 1560 filius
763 1505 883 1584 praetor
897 1493 936 1560 C.
955 1492 1115 1560 cesarem
1136 1489 1309 1558 abeuotem
1327 1513 1408 1556 con·

385 1608 512 1699 sulam,
531 1635 629 1704 quem
647 1609 803 1680 adversus
815 1609 958 1704 auspicia
978 1606 1129 1703 legesque
1145 1607 1280 1701 gessisse
1295 1607 1409 1676 existi·

385 1729 548 1818 mabatur,
562 1729 604 1798 ad
620 1729 879 1823 disquisitionem
898 1741 1029 1798 senatus
1043 1728 1189 1796 vocavit:
1200 1751 1275 1795 mox
1291 1725 1409 1796 consul

385 1849 614 1941 imperatorem
636 1849 677 1916 ab
699 1848 894 1918 exercitibus
915 1844 1038 1942 gallicis
1055 1848 1222 1916 retrahere
1240 1846 1407 1914 tentavit:

384 1991 612 2059 successorque
629 1967 658 2036 ei
669 1992 729 2058 per
742 1967 916 2035 factionem
928 1967 1135 2050 nominatus,
1153 1967 1313 2060 principio
1326 1966 1408 2034 civi-

384 2083 423 2152 lis
437 2083 513 2152 belli
530 2083 572 2153 ad
592 2084 776 2156 Corfinium
794 2100 909 2179 captus
923 2100 981 2154 est.
995 2085 1094 2154 Unde
1111 2084 1279 2172 dimissus,
1292 2086 1410 2154 Massi·

329 2271 339 2292 .
384 2202 501 2272 lienses
516 2203 687 2274 obsidione
706 2202 890 2273 laborantes
913 2228 1015 2298 quum
1035 2203 1177 2272 adventu
1201 2228 1261 2272 suo
1282 2203 1407 2272 confir·

384 2337 538 2412 massot,
553 2336 688 2416 repente
716 2321 882 2414 destituit,
907 2325 1040 2416 acieque
1064 2322 1195 2392 demum
1222 2322 1408 2416 pharsalica

385 2442 538 2510 occubuit
555 2467 564 2510 ε
586 2443 637 2510 vir
654 2467 761 2536 neque
778 2444 855 2512 satis
872 2457 1038 2530 constans,
1057 2456 1090 2510 et
1107 2443 1239 2538 ingenio
1256 2443 1340 2511 truci
1351 2468 1360 2509 :
1373 2443 1406 2510 in

384 2561 610 2655 desperatione
634 2565 762 2650 re'rum,
782 2547 951 2648 mortem,
986 2562 1103 2630 timore
1131 2563 1329 2654 appetitam,
1360 2563 1407 2630 ita

385 2682 535 2774 expavit,
559 2695 597 2748 ut
623 2681 776 2750 baustum
798 2704 961 2748 venenum
983 2681 1174 2772 poenitentia
1204 2682 1407 2767 evomuerit,

384 2799 611 2892 medicumque
633 2801 874 2887 manumiserit,
894 2798 984 2894 qnod
1002 2800 1064 2868 sibi
1083 2798 1227 2892 prudens
1244 2825 1281 2868 ac
1301 2801 1409 2868 sciens

385 2919 493 2986 minus
505 2921 640 2988 noxium
654 2933 874 3012 temperasset
885 2916 1102 2988 Consultante
1119 2933 1230 2988 autem
1238 2923 1300 2988 Cn.
1312 2923 1409 2988 Pom·

385 3039 460 3130 peio
485 3035 526 3104 de
546 3035 660 3106 mediis
681 3063 719 3106 ac
741 3051 891 3106 neumam
911 3051 1038 3130 partem
1065 3038 1295 3130 sequentibus,
1315 3035 1407 3108 solus

384 3156 510 3224 censuit
529 3155 672 3224 bostium
692 3181 830 3226 numero
847 3154 1024 3224 habendos.

433 3275 491 3341 [Π.
508 3272 653 3367 Reliquit
669 3273 790 3360 lilium,
803 3275 954 3344 omnibus
971 3277 1075 3370 gentis
1092 3301 1157 3344 sum
1172 3275 1286 3370 procul
1303 3275 1408 3346 dubio

383 3392 632 3486 praeferendum.
648 3397 681 3462 ls
697 3395 784 3464 inter
802 3397 950 3464 conscios
967 3397 1157 3464 Caesarianae
1171 3398 1276 3484 necis,
1290 3421 1408 3489 quam·

383 3537 483 3604 quam
505 3514 635 3601 insons,
655 3512 828 3583 damnatus
848 3511 919 3608 lege
937 3513 1057 3599 Pedia,
1074 3538 1175 3606 quum
1198 3513 1239 3582 ad
1256 3516 1409 3584 Cassium

366 3619 586 3726 ¹Brutumque
601 3657 652 3720 se,
670 3634 856 3726 propinqua
874 3633 933 3702 sibi
952 3635 1146 3728 cognatione
1158 3633 1307 3726 junctos,
1325 3659 1409 3704 con·

382 3751 526 3840 tulisset,
544 3768 618 3846 post
633 3754 802 3846 utriusque
821 3754 990 3822 interitum
1008 3752 1142 3822 classem
1160 3751 1238 3822 olim
1254 3756 1409 3824 commis·

383 3897 450 3939 sam
474 3874 611 3943 retinuit
634 3899 644 3942 ε
667 3873 757 3942 auxit
778 3874 894 3961 etiam;
921 3897 1000 3960 nec,
1024 3874 1085 3941 uisi
1111 3874 1258 3966 partibus
1285 3874 1411 3968 ubique

335 4047 337 4056 .
385 3991 579 4085 profligatis,
597 3995 645 4062 M.
664 3992 810 4062 Antonio
824 4006 957 4084 sponte,
975 4005 1008 4059 et
1027 3993 1166 4086 ingentis
1187 3991 1295 4060 meriti
1315 3990 1409 4078 loco,

383 4109 535 4196 t1·a‹,li‹lit;
554 4110 706 4204 solusque
722 4113 868 4180 omnium
885 4135 924 4178 ex
944 4112 997 4196 iis,
1014 4114 1069 4204 qui
1085 4112 1154 4204 pari
1171 4109 1241 4204 lege
1257 4109 1410 4182 damnati
