3108 5434
405 465 458 522 158
809 463 839 516 C.
863 463 1038 520 suuwuu

404 591 485 678 lam,
505 613 604 684 quem
623 611 734 656 senem
754 586 944 656 adolescens
962 587 1199 656 observaverat.
1223 586 1287 656 Sed
1309 585 1430 656 aflecta-

406 713 495 779 tione
507 723 541 777 et
554 707 747 777 morositate
757 708 858 775 nimia
868 705 1065 776 obscurabat
1075 705 1207 776 stilum:
1222 721 1259 776 ut
1270 704 1430 802 aliquanto

405 855 443 898 ex
465 843 628 922 tempore,
644 850 743 920 quarn
760 851 888 913 acura,
907 827 1116 922 praestantior
1129 827 1316 896 haberetur.
1339 829 1431 897 Com-

407 949 518 1043 posuit
531 962 564 1016 et
581 972 713 1016 carmen
727 945 887 1040 lyricum,
905 947 1000 1040 cujus
1021 961 1071 1014 est
1092 944 1224 1034 titulus,
1244 947 1432 1042 Conquestio

405 1069 448 1139 de
463 1069 503 1137 L.
521 1067 667 1138 Caesam
684 1080 797 1135 morte.
820 1067 912 1135 Fecit
931 1082 965 1135 et
983 1089 1087 1161 graeca
1108 1066 1432 1160 poemata,·imitatus

408 1188 677 1282 Euphorionem,
694 1201 729 1258 et
741 1185 926 1275 Rhianum,
940 1201 973 1256 et
984 1185 1217 1274 Parthenium,
1235 1186 1433 1279 quibuspoe-

409 1309 450 1376 tis
467 1305 646 1374 admodum
663 1305 860 1392 delectatus,
877 1308 998 1400 scripta
1018 1325 1134 1374 eorum
1152 1319 1187 1374 et
1204 1306 1367 1400 imagines
1379 1329 1438 1398 pu·¹

407 1425 503 1495 blicis
519 1424 729 1494 bibliothecis
742 1427 828 1496 inter
840 1440 966 1494 veteres
979 1441 1013 1494 et
1026 1428 1208 1522 praecipuos
1221 1440 1372 1494 auctores
1386 1423 1435 1492 de·

409 1546 558 1615 dicavit:
574 1561 606 1614 et
623 1547 666 1615 ob
683 1547 748 1614 hoc
764 1545 913 1640 plerique
928 1546 1136 1615 eruditorum
1147 1548 1297 1614 certatim
1311 1545 1355 1614 ad
1368 1569 1436 1613 eum

409 1663 515 1734 multa
529 1665 571 1732 de
587 1665 639 1733 his
656 1649 841 1734 ediderunt.
858 1667 1003 1734 Maxime
1021 1679 1131 1734 tamen
1147 1666 1276 1736 curavit
1292 1665 1437 1733 notitiam

410 1785 555 1853 historiae
569 1782 743 1872 fabularis,
760 1807 862 1878 usque
874 1784 916 1852 ad
926 1785 1066 1879 ineptias
1081 1800 1180 1878 atque
1194 1785 1349 1854 derisum.
1360 1785 1439 1852 Nam

359 1945 365 1956 .
412 1918 445 1971 et
455 1903 804 1998 grammaticos,quod
815 1903 1101 1998 genushominum
1117 1907 1299 2000 praecipue,
1315 1920 1355 1972 ut
1364 1903 1439 1972 dixi·

412 2048 504 2107 mus,
524 2023 713 2117 appetebat,
735 2023 903 2116 ejusmodi
916 2023 983 2092 lere
1002 2025 1238 2117 questionibus
1260 2025 1441 2118 experieba-

416 2157 495 2211 tur:
516 2143 625 2230 «Quae
643 2157 748 2210 mater
767 2144 909 2212 Hecubae
929 2143 1059 2233 :Quod
1081 2143 1201 2216 Achilli
1221 2169 1342 2214 nomen
1365 2145 1442 2211 inter

415 2263 561 2356 virgines
582 2248 696 2330 luisset
714 2261 831 2349 :Quid
851 2264 982 2332 Sirenes
1000 2278 1135 2361 cantare
1153 2266 1218 2332 sint
1237 2262 1388 2334 solitaels
1405 2265 1444 2331 Et

417 2405 484 2474 quo
501 2383 645 2475 primum
661 2379 733 2468 dic,
752 2395 828 2474 post
846 2405 1014 2450 excessum
1033 2384 1192 2476 Augusti,
1206 2384 1332 2450 curiam
1352 2383 1446 2450 intra-

418 2501 485 2587 vit3
505 2503 599 2594 quasi
611 2501 728 2595 pietati
738 2498 836 2568 simul
848 2525 887 2569 ac
903 2501 1056 2595 religioni
1073 2501 1312 2589 satisfacturus,
1329 2503 1446 2571 Minois

418 2619 587 2715 exemplo,
609 2621 707 2688 thure
729 2619 863 2712 quidem
887 2645 926 2689 ac
947 2622 1046 2707 vino,
1067 2645 1183 2690 verum
1204 2623 1275 2692 sine
1299 2623 1446 2707 tibicine,

419 2739 637 2835 supplicavit,
658 2753 694 2808 ut
714 2738 768 2808 ille
784 2738 862 2808 olim
882 2741 915 2808 in
935 2755 1042 2808 morte
1060 2739 1128 2810 lilii.

466 2863 588 2929 Lxxt.
616 2862 774 2928 Sermone
795 2884 917 2954 graeco,
936 2885 1135 2954 quamquam
1153 2861 1234 2930 alias
1255 2880 1406 2957 promtus
1421 2879 1451 2932 et

419 2978 538 3067 facilis,
558 3005 627 3047 non
652 2993 764 3046 tamen
784 3005 1020 3073 usquequaque
1043 3007 1123 3050 usus
1143 2998 1209 3070 est,
1230 2985 1452 3079 abstinuitque

420 3099 560 3166 maxime
578 3100 612 3166 in
629 3113 762 3184 senatu,
783 3098 865 3167 adeo
884 3101 1034 3192 quidem,
1053 3117 1090 3170 ut
1110 3103 1332 3199 monopob'um
1351 3105 1453 3172 nomi·

421 3232 576 3304 naturus,
594 3218 686 3311 prius
705 3219 834 3286 veniam
851 3219 1047 3314 postularit,
1062 3223 1151 3316 quod
1169 3225 1230 3292 sibi
1244 3225 1348 3293 verbo
1366 3249 1454 3318 pere·

423 3339 520 3433 grino
544 3337 704 3405 utendum
729 3353 822 3407 esset.
845 3344 955 3434 Atque
978 3343 1076 3411 etiam
1099 3345 1133 3412 in
1156 3344 1300 3438 quodam
1323 3345 1456 3414 decreto

423 3471 574 3550 patrum,
590 3475 693 3550 quum
708 3449 869 3549 ἐ’μίὲλημα
881 3462 1086 3550 recitaretur,
1102 3463 1375 3535 commutandam
1386 3491 1459 3534 cen·

424 3578 491 3644 suit
509 3601 641 3665 vocem,
670 3593 703 3646 et
722 3603 783 3672 pro
806 3584 980 3676 peregrina
1005 3599 1185 3654 nostratem
1206 3587 1459 3679 requirendam,

424 3711 501 3780 aut,
521 3701 548 3766 si
571 3723 638 3766 non
658 3703 872 3793 reperiretur,
897 3702 948 3770 vel
970 3703 1137 3798 pluribus,
1160 3722 1192 3774 et
1214 3731 1273 3800 per
1296 3707 1461 3776 ambitum

427 3817 623 3906 verborum,
649 3845 720 3888 rem
747 3823 998 3892 enunciandam.
1026 3825 1167 3894 Militem
1197 3853 1331 3920 quoque
1359 3851 1463 3922 graece

427 3937 650 4005 testimonium
668 3940 923 4035 interrogatum,
941 3945 1002 4012 nisi
1013 3943 1113 4014 latine
1128 3945 1329 4040 respondere
1346 3947 1463 4014 vetuit.

477 4057 615 4125 LXXII.
643 4059 697 4144 Bis
719 4063 855 4129 omnino
877 4078 947 4131 toto
965 4089 1107 4133 secessus
1129 4081 1296 4159 tempore,
1320 4071 1465 4137 Romam
