3208 5430
418 508 473 564 316
871 509 985 566 ΝΟΜ

352 639 361 654 ’
455 623 613 696 Payuruan
628 621 737 680 Suram.
754 625 798 679 De
814 623 871 678 hoc
887 625 974 680 schol.
990 624 1028 679 ad
1048 625 1192 696 Juvenal,
1211 645 1251 694 av,
1266 624 1302 681 5³
1319 647 1326 682 ι
1341 626 1436 684 Palin-

416 715 474 770 rius
488 716 559 770 Sura
577 713 731 774 consularis
748 715 778 770 in
791 733 882 790 agone
900 734 964 770 cum
981 716 1089 790 virgine
1103 717 1300 774 lacedemonia
1313 720 1365 775 snb
1379 723 1438 776 Ne·

416 823 486 861 rone
501 808 620 862 luctatus
631 815 681 862 est.
697 809 764 862 Post
776 807 842 862 inde
856 825 873 863 a
886 809 1058 882 Vespasiano
1072 821 1172 866 senatu
1188 823 1294 886 motus,
1307 815 1437 871 transivit

416 897 453 952 ad
466 897 582 952 stoicam
596 909 714 968 secum,
728 899 759 953 in
771 918 828 972 qua
846 917 934 974 mum
949 901 1110 973 prevaleret
1128 913 1158 957 et
1170 905 1334 979 eloquentia
1347 919 1376 962 et
1389 926 1436 962 ar-

416 987 451 1042 tis
475 988 717 1064 particapium,
741 989 845 1046 abusus
860 990 1046 1046 familiaritate
1067 993 1235 1062 Domitiani,
1261 995 1438 1051 acerbissime

415 1088 509 1152 partes
532 1079 680 1136 delationis
700 1081 827 1138 exercuit
850 1101 857 1136 :
879 1101 939 1156 quo
964 1083 1129 1154 interfecto,
1151 1098 1250 1142 senatu
1272 1099 1437 1156 accusante,

417 1167 563 1226 damnatus
577 1181 627 1226 est.

455 1262 499 1315 De
519 1263 681 1316 emtoribus.
696 1264 730 1318 fl.
746 1282 770 1318 e.
793 1283 830 1318 ea·
845 1265 1014 1333 oratoribus,
1028 1266 1086 1322 sive
1104 1279 1135 1320 ut
1148 1287 1218 1323 artus
1233 1271 1270 1325 de
1283 1275 1438 1328 oratoribus

417 1349 584 1422 quibuscum
598 1353 732 1408 certabat.

456 1441 622 1498 Fomaalem.
633 1443 666 1498 fl.
674 1461 698 1498 e.
710 1463 774 1500 curn
782 1444 909 1500 formulis
917 1443 1062 1520 titulisque
1069 1451 1233 1507 solennibus
1241 1454 1438 1526 conscriptam.

458 1533 595 1586 Ponderis
611 1534 687 1590 certi.
702 1535 790 1606 Quod
805 1535 937 1610 exprimit
954 1537 1040 1608 sat,
1056 1538 1121 1596 Sila.
1130 1579 1140 1608 ,
1155 1561 1184 1614 r,
1201 1562 1230 1612 ι,
1253 1561 1306 1617 ipo
1326 1565 1333 1598 :

519 1683 555 1728 Da
570 1679 709 1745 Capitolinis
722 1692 836 1733 eternum
851 1685 945 1735 sedibus
958 1702 1055 1748 aarum,

520 1763 575 1824 Quo
588 1763 679 1814 niteant
694 1765 754 1814 sacri
768 1775 867 1816 centeno
881 1769 986 1834 pondere
999 1771 1084 1822 viltas

416 1899 458 1955 Cl.
476 1903 568 1972 Lars,
581 1903 617 1957 de
635 1904 733 1978 Magn.
747 1907 846 1974 llam,
861 1927 915 1980 111,
929 1929 957 1984 9.

455 2006 561 2053 ”ffl-
575 1995 610 2050 Η·
629 2013 653 2050 ⁰·
667 1996 734 2054 ‘⁸11⁵
748 2008 805 2070 ²⁵¹·
821 2018 914 2074 neque
927 2003 1024 2076 plures
1037 2023 1118 2062 arcus
1136 2016 1186 2063 aut
1199 2006 1283 2081 tanos
1298 2009 1352 2066 tos
1369 2008 1440 2084 erisi

416 2083 476 2156 pati
492 2084 587 2140 debes.

458 2173 623 2230 Consulatus
636 2195 710 2233 xvir.
725 2181 833 2255 Nempe
855 2183 958 2240 additis
975 2205 1028 2242 sea.-
1044 2187 1100 2244 illis
1114 2208 1187 2263 quos
1204 2190 1333 2264 privatus
1346 2194 1440 2270 gessit.

416 2265 596 2321 continuarit
610 2277 703 2324 autem
721 2283 851 2328 octavum
864 2294 951 2350 usque
966 2277 1002 2333 ad
1016 2291 1148 2352 quartum
1158 2280 1298 2341 decimum
1316 2287 1352 2342 ab
1362 2306 1440 2343 anno

417 2353 473 2410 835
494 2356 532 2410 ad
555 2357 627 2428 sti,
649 2359 677 2413 h.
691 2379 715 2416 e.
738 2375 846 2436 septem
868 2369 983 2424 medios.
1003 2371 1101 2426 Postea
1119 2374 1217 2428 consul
1236 2375 1290 2430 fuit
1308 2385 1356 2446 xv,
1373 2396 1438 2432 ann.

416 2444 487 2514 8433
500 2464 567 2516 arr,
585 2467 650 2504 ann.
667 2451 737 2522 845,
752 2465 780 2508 et
795 2474 874 2526 xvir,
891 2477 955 2514 ann.
970 2459 1037 2526 848.

459 2543 633 2627 Triumphus.
647 2555 710 2612 Scil.
728 2557 764 2614 de
778 2561 864 2617 Cattis
882 2573 909 2618 et
923 2564 1014 2621 Dacis.
1031 2567 1102 2623 Vide
1115 2586 1155 2624 vr.

455 2657 519 2711 cs».
535 2659 613 2714 XIV.
634 2663 821 2719 Amicomm...
835 2669 939 2724 uxoris.
956 2671 999 2726 lta
1014 2672 1136 2746 Xiphil,
1154 2692 1251 2747 narrt,
1270 2695 1300 2750 p.
1322 2675 1396 2748 766,
1409 2687 1439 2732 et

414 2744 533 2818 Zenon,
547 2751 653 2806 Annal.
662 2791 671 2818 ,
687 2771 728 2822 ιι,
743 2773 771 2828 p.
792 2775 853 2829 ¹97·

456 2839 558 2894 Vineis.
577 2839 647 2896 Vide
660 2861 716 2899 vri.

455 2929 700 3002 Grattbmsaeere.
720 2937 753 2991 li.
769 2956 793 2993 e.
809 2941 959 2999 remittere.

452 3033 576 3100 Ouaplsq.
589 3025 676 3094 Quod
692 3043 778 3100 capro
791 3031 856 3088 ritis
869 3033 1014 3092 minitatur
1028 3040 1104 3112 apud
1116 3043 1257 3110 Euenum,
1273 3042 1301 3098 in
1319 3021 1432 3098 Antinoi.

413 3112 532 3179 Jacobs,
548 3115 604 3169 rol.
618 3131 648 3184 r,
662 3133 690 3189 p.
707 3136 769 3190 97:

529 3279 580 3334 litis
596 3300 626 3346 μι
640 3285 717 3354 φάγῃς
730 3285 769 3339 tet
782 3288 860 3357 ῥίζαν,
876 3289 939 3357 ὅμως
951 3291 987 3343 iri
1001 3295 1188 3362 aapnopopn'au,

569 3357 648 3425 ὅσσον
663 3376 805 3431 lnionairal
822 3399 872 3444 eat,
884 3382 971 3452 rpeiqt,
984 3387 1097 3454 bospite.

411 3505 510 3562 Latine
523 3509 649 3570 reddidit
662 3515 762 3586 ovid,
782 3521 878 3590 Fert,
892 3541 919 3594 i,
934 3521 1000 3594 357.

453 3598 589 3674 Pbengite
611 3607 716 3679 lapide
739 3612 822 3668 Hunc
843 3614 978 3672 describit
999 3617 1087 3690 elin,
1105 3620 1141 3675 H.
1166 3619 1219 3684 Νη
1245 3637 1348 3691 xxm,
1370 3640 1434 3678 ²²²

411 3711 422 3734 ι
435 3689 548 3748 Nerone
563 3696 705 3771 principe,
725 3700 755 3756 in
768 3703 949 3778 Cappadocia
962 3719 1093 3782 repertus
1101 3720 1143 3766 est
1155 3709 1225 3783 lapis
1240 3709 1345 3768 duritia
1357 3731 1434 3769 mar-

409 3779 511 3850 moris,
526 3787 662 3844 candidus
678 3800 765 3864 atque
778 3796 966 3868 translucens,
986 3800 1070 3858 etiam
1087 3821 1145 3876 qua
1158 3812 1240 3877 parte
1258 3803 1342 3859 fulvae
1363 3805 1435 3861 inci·

410 3866 511 3927 derant
525 3893 614 3946 venae,
635 3899 669 3934 ex
683 3897 850 3957 argumento
862 3887 1011 3963 phengites
1023 3895 1190 3967 appellatus.
1203 3921 1215 3944 ι

451 3960 605 4022 Custodiae.
621 3971 656 4025 Η.
675 3990 698 4028 e.
715 3977 850 4032 custodiae
863 3979 953 4036 datos.

448 4051 678 4115 Existimabatur.
698 4064 848 4122 eclesiam
869 4068 980 4128 crimini
993 4077 1093 4148 vertit,
1117 4082 1197 4153 quod
1223 4085 1330 4140 Neroni
1350 4103 1433 4158 opem
