3108 5434
437 488 490 548 tlt
834 488 864 542 C.
883 487 1057 544 stlt‘roull

400 583 403 592 ’
435 605 557 697 vitrici,
573 623 778 704 prosecutus,
792 633 911 704 quum,
931 609 1036 679 tribus
1050 607 1207 680 classibus
1221 611 1314 682 sactis
1329 635 1388 706 pro
1401 611 1445 680 di·

311 727 315 741 '
435 729 560 821 gnitate
570 726 868 820 cujusque,pn'mae
878 742 1030 799 sexcenta
1040 730 1203 818 sestertia,
1216 729 1366 800 soeundas
1379 755 1461 823 qua.

435 845 608 940 dringentn
628 845 812 932 distribuit,
828 844 971 916 ducenta
987 846 1107 934 terne,
1125 869 1224 941 quam
1247 871 1314 918 non
1338 849 1446 918 amico·

434 987 527 1051 rum,
544 965 601 1034 sed
617 979 789 1060 gratomm
800 961 997 1058 appellabat.

395 1143 401 1154 .
479 1085 614 1152 XLVII.
639 1083 796 1177 Princeps
823 1105 929 1176 neque
956 1105 1057 1178 opera
1083 1081 1152 1153 ulla
1178 1083 1351 1180 magnifica
1378 1083 1446 1152 lecit

433 1203 532 1299 (nam
552 1215 586 1272 et
601 1225 674 1295 qne
688 1199 756 1270 sola
776 1214 982 1296 susceperat,
1001 1203 1141 1296 Augusti
1161 1202 1338 1298 templum,
1358 1202 1443 1270 reti-

434 1323 659 1414 tutionemque
676 1316 866 1414 Pompeiani
881 1319 1016 1407 theatri,
1033 1319 1224 1415 imperfecta
1241 1335 1318 1416 post
1333 1334 1382 1388 tot
1396 1345 1446 1388 an·

433 1464 493 1508 nos
509 1437 677 1535 reliquit),
701 1461 807 1531 neque
828 1435 1016 1533 spectacula
1037 1439 1174 1510 omnino
1198 1437 1319 1526 edidit3
1341 1453 1375 1506 et
1396 1435 1446 1524 iis,

432 1582 505 1652 quae
524 1557 565 1626 ab
588 1555 700 1651 aliquo
723 1556 914 1642 ederentur,
934 1557 1098 1625 rarissime
1122 1556 1289 1644 interibit,
1314 1557 1446 1648 nequid

349 1727 351 1733 ,
431 1689 672 1771 exposceretur,
690 1677 804 1769 utiquc
817 1687 991 1768 postquam
1007 1673 1192 1746 comoedum
1210 1675 1341 1745 Actium
1360 1699 1446 1744 coac·

432 1811 485 1866 tus
506 1808 556 1864 est
573 1794 816 1863 manumittere.
836 1795 1020 1862 Paucorum
1042 1807 1230 1862 senatorum
1248 1794 1362 1887 inopia
1380 1817 1445 1862 sus·

432 1927 572 2001 tenuta,
589 1937 632 1982 ne
647 1910 797 2006 pluribus
813 1935 909 2006 opem
932 1909 1045 1996 ferret,
1062 1913 1210 2008 negarit,
1228 1935 1263 1980 se
1284 1910 1356 1980 aliis
1376 1911 1447 1980 sub·

432 2045 625 2116 venturum,
644 2031 707 2098 nisi
731 2029 857 2096 senatui
873 2028 975 2120 justas
993 2031 1222 2098 necessitatum
1241 2053 1356 2098 causas
1374 2053 1446 2124 pro·

432 2148 572 2218 bassent.
591 2149 669 2237 Quo
683 2161 780 2240 pacto
792 2144 964 2240 plerosque
980 2145 1142 2217 modestia
1159 2160 1192 2215 et
1209 2145 1337 2241 pudore
1350 2149 1447 2218 deter-

432 2267 499 2336 ruit
510 2291 518 2334 :
529 2268 563 2334 in
573 2265 692 2358 quibus
702 2263 891 2345 Hortalum,
901 2264 944 2352 Q.
956 2267 1123 2334 Hortensii
1136 2275 1272 2344 oratoris
1282 2289 1445 2368 nepotem,

431 2384 507 2476 qni,
524 2382 710 2477 permodica
730 2407 766 2452 re
784 2377 951 2466 familiari,
971 2396 1104 2454 auctore
1126 2398 1290 2489 Augusto,
1307 2407 1448 2486 quatuor

431 2499 550 2572 liberos
569 2499 700 2570 tulerat.

477 2633 630 2702 XLVIII.
652 2629 786 2702 Publice
802 2633 1057 2705 munificentiam
1074 2631 1124 2702 bis
1135 2633 1271 2702 omnino
1281 2628 1449 2700 exhibuit:

431 2751 601 2844 proposito
626 2745 743 2820 millies
761 2752 910 2819 sestertio
930 2751 1075 2844 gratuito
1094 2751 1128 2818 in
1147 2749 1279 2818 biennii
1301 2761 1450 2839 tempns;

430 2881 464 2936 et
482 2891 610 2955 rursus,
627 2866 823 2960 quibusdam
836 2867 977 2936 dominis
994 2865 1192 2956 insularum,
1205 2889 1278 2959 que
1289 2867 1324 2934 in
1339 2873 1460 2936 monte'

430 2983 535 3053 Coelio
554 2983 787 3078 deflagrarant,
808 2986 914 3080 pretio
939 2985 1099 3052 restituto.
1117 2985 1270 3072 Quorum
1289 2981 1452 3065 alterum,

431 3125 549 3195 magna
562 3099 752 3170 difficaltate
766 3103 951 3172 nummaria
959 3099 1083 3195 populo
1095 3102 1252 3171 auxilium
1263 3103 1450 3197 flagitante,

430 3232 562 3287 coactus
584 3233 634 3288 est
651 3218 772 3306 facere,
793 3243 895 3312 quum
911 3242 971 3312 per
985 3220 1308 3291 senatusconsultum
1328 3221 1456 3290 sannis-

430 3349 495 3424 set,
516 3349 554 3404 ut
568 3335 765 3406 feneratores
782 3335 863 3404 duas
875 3337 1066 3430 patrimonii
1084 3353 1191 3432 partes
1208 3341 1245 3408 in
1263 3339 1337 3410 solo
1353 3337 1456 3407 collo·

430 3469 560 3540 carent,
583 3453 746 3524 debitores
767 3454 901 3522 totidem
923 3457 995 3524 eris
1014 3455 1112 3525 alieni
1137 3459 1246 3527 statim
1268 3457 1458 3541 solverent,

430 3596 490 3640 nec
501 3597 554 3640 res
569 3571 794 3666 expediretur:
808 3570 966 3660 alterum,
980 3573 1023 3641 ad
1039 3575 1252 3668 mitigandam
1265 3589 1458 3671 temporum

429 3692 645 3758 atrocitatem.
658 3689 759 3780 Quod
773 3705 882 3759 tamen
898 3691 1092 3762 beneficium
1108 3695 1191 3762 tanti
1208 3695 1403 3783 estimavit,
1423 3707 1461 3762 ut

428 3823 575 3880 montem
584 3805 740 3896 celtum,
754 3807 974 3904 appellatione
987 3823 1131 3896 mutata,
1144 3814 1253 3880 vocari
1266 3817 1461 3908 Augustum

425 3931 568 4031 jusserit.
584 3925 687 3996 Militi
707 3943 781 4020 post
798 3926 964 4022 duplicata
978 3951 1018 3996 ex
1036 3931 1178 4022 Augusti
1195 3944 1400 4002 testamento
1416 3932 1460 4000 le-

429 4063 503 4142 gata
517 4048 602 4118 nihil
617 4069 763 4138 unquam
779 4045 916 4140 largitus
927 4059 994 4136 est,
1011 4061 1228 4142 preterquam
1242 4049 1378 4143 singula
1392 4049 1465 4120 mil·
