3168 5440
455 561 490 626 74
864 553 1091 612 csuarcnu

454 693 558 766 tuna,
581 691 652 748 toto
678 678 810 774 imperii
829 679 938 773 spatio
958 703 1083 748 anuum
1105 701 1228 748 novum
1249 676 1481 751 commendanti

453 797 559 868 laetam
578 797 795 892 eamdemque
809 823 939 893 semper
953 812 1076 868 sortem
1089 797 1169 868 dare
1180 811 1330 884 assueta,
1342 811 1482 868 extremo

452 919 676 988 tristissimam
691 917 853 1005 reddidit,
870 939 933 988 nec
952 920 1023 988 sine
1039 919 1209 1014 sanguinis
1225 921 1409 988 mentione.
1427 919 1483 988 Mi·
1563 886 1564 976 l

453 1065 605 1128 nervarn,
620 1065 720 1134 quarn
739 1041 967 1134 superstitiose
983 1038 1131 1126 colebat,
1145 1041 1323 1110 somniavit
1339 1039 1485 1110 excedere

453 1163 613 1245 sacrario,
631 1176 820 1256 negantem,
833 1159 921 1230 ultra
935 1185 969 1230 se
982 1162 1069 1230 tueri
1084 1185 1161 1232 eum
1176 1185 1287 1255 posse,
1301 1159 1393 1254 quod
1406 1184 1487 1229 exar—

454 1297 543 1352 rnata
555 1297 640 1354 esset
652 1307 670 1352 a
686 1286 776 1354 Jove.
794 1263 894 1354 Nullo
909 1297 1019 1352 tamen
1033 1306 1068 1352 re
1080 1281 1220 1376 perinde
1234 1296 1423 1352 commotus
1436 1295 1487 1368 est,

454 1429 554 1498 quarn
566 1428 726 1499 responso
740 1427 886 1498 casuque
901 1401 1136 1472 Ascletarionis
1149 1402 1385 1472 mathematici.
1400 1406 1487 1472 Hunc

456 1522 625 1612 delatum,
654 1549 716 1594 nec
744 1524 940 1594 infitiantem
962 1525 1102 1619 jactasse
1124 1548 1178 1612 se,
1203 1547 1277 1617 quae
1298 1523 1488 1618 providisset

453 1669 491 1714 cx
518 1660 611 1734 arte,
631 1645 817 1715 sciscitatus
834 1659 899 1732 est,
915 1645 992 1738 quis
1010 1645 1120 1738 ipsum
1142 1659 1290 1714 maneret
1306 1645 1417 1714 exitus
1435 1670 1443 1712 ε
1462 1659 1489 1712 et

454 1763 692 1854 affirmantem,
718 1795 735 1832 α
755 1764 843 1850 fore,
867 1779 906 1834 ut
933 1766 1028 1836 brevi
1048 1763 1251 1834 laceraretur
1270 1789 1290 1834 a
1310 1765 1488 1852 canibus,2
1565 1817 1566 1832 .

455 1885 596 1958 interfici
617 1885 752 1980 quidem
777 1889 848 1956 sine
866 1911 976 1976 mora3
994 1885 1051 1956 sed
1068 1885 1108 1956 ad
1129 1884 1372 1980 coarguendam
1396 1900 1489 1956 teure-

453 2009 585 2078 ritatcm
606 2009 705 2098 artis,
730 2005 863 2102 sepeliri
887 2031 1021 2102 quoque
1045 2008 1292 2078 accuratissime
1309 2007 1488 2102 imperavit.

452 2127 553 2218 Quod
573 2152 677 2222 quum
696 2127 806 2217 fieret,
821 2130 948 2211 evenit,
967 2143 1020 2216 ut,
1039 2130 1212 2224 repentina
1233 2143 1430 2224 tempestate
1444 2127 1489 2196 de

449 2249 539 2340 jecto
554 2247 692 2334 funere,
710 2250 904 2318 semiustum
920 2248 1062 2318 cadaver
1077 2248 1305 2344 discerperent
1318 2273 1433 2337 canes,
1446 2248 1489 2318 id-

453 2393 519 2462 que
533 2369 563 2436 ei
580 2369 723 2438 coenanti
740 2393 758 2438 a
776 2369 879 2438 mimo
896 2370 1035 2456 Latino,
1046 2370 1103 2462 qui
1118 2371 1308 2464 preteriens
1325 2369 1413 2440 forte
1427 2370 1490 2440 ani·

452 2487 695 2576 madverterat,
716 2490 804 2558 inter
821 2503 949 2560 ceteras
967 2489 1033 2559 diei
1046 2469 1179 2560 'fabulas
1197 2490 1391 2561 referretur.

501 2611 593 2678 XVI.
610 2608 721 2678 Pridie
738 2633 838 2703 quam
856 2611 996 2704 periret,
1014 2634 1120 2704 quum
1136 2609 1266 2682 oblatos
1283 2612 1416 2683 tuberes
1430 2636 1493 2682 ser·

451 2729 523 2798 vari
534 2729 684 2824 jussisset
705 2729 739 2798 io
759 2730 960 2816 crastinum,
984 2729 1120 2824 adjecit,
1140 2732 1310 2802 «simodo
1327 2734 1377 2802 uti
1395 2732 1492 2802 licue-

450 2851 521 2921 rit:
543 2867 609 2921 aet
635 2877 817 2922 conversus
840 2853 883 2922 ad
910 2855 1080 2949 proximos
1097 2853 1295 2939 affirmavit,
1314 2884 1333 2920 a
1349 2855 1438 2944 sore,
1460 2870 1494 2924 ut

450 2973 600 3065 sequenti
627 2971 681 3042 die
698 2971 779 3044 luna
796 2997 833 3042 se
857 2974 892 3042 in
912 2975 1059 3067 Aquario
1078 2989 1287 3064 cruentaret,
1304 2975 1496 3070 factumque

450 3091 586 3185 aliquod
604 3095 793 3178 exsisteret,
811 3094 853 3164 de
870 3119 938 3189 quo
955 3093 1170 3189 loquerentur
1190 3096 1342 3166 homines
1357 3121 1418 3192 per
1433 3113 1497 3168 ter·

451 3237 564 3284 rarum
577 3214 703 3284 orbern.
718 3245 735 3280 a
753 3213 805 3284 nd
820 3213 961 3286 mediam
981 3232 1111 3288 noctem
1129 3219 1174 3286 ita
1187 3232 1238 3288 est
1247 3221 1445 3307 exterritus,
1464 3235 1499 3286 nt

451 3357 494 3400 ex
512 3347 614 3402 strato
640 3333 817 3430 prosiliret.
836 3335 969 3406 Dehinc
989 3361 1086 3406 mane
1104 3337 1334 3431 haruspicem,
1353 3363 1394 3408 ex
1416 3341 1499 3408 Ger

452 3454 563 3522 mania
577 3455 730 3542 missurn,
745 3457 803 3549 qui
817 3455 990 3526 consultus
1007 3456 1048 3526 de
1061 3456 1193 3552 fulgure
1208 3459 1430 3528 mutationem
1451 3484 1501 3528 rc·

455 3599 528 3646 rum
549 3575 764 3669 praedixerat,
781 3575 887 3646 audiit
903 3577 1213 3672 condemnavitquc.
1236 3583 1284 3648 dc
1301 3578 1382 3648 dum
1404 3577 1504 3650 exul-

451 3711 594 3765 ceratam
613 3697 647 3764 in
675 3695 783 3766 srcute
809 3722 982 3768 verrucam
1010 3699 1238 3769 vehementius
1262 3697 1399 3796 scalpit,
1423 3725 1505 3794 pro·

451 3817 573 3886 fluente
588 3818 764 3912 sanguine,
779 3848 795 3884 a
812 3820 968 3912 Utinam,
982 3851 998 3886 a
1012 3821 1137 3914 inquit,
1155 3850 1172 3886 a
1187 3818 1362 3891 hactenus!
1372 3852 1391 3886 ι
1406 3825 1509 3892 Tunc

451 3937 549 4008 horas
569 3940 772 4032 requirenti,
792 3964 852 4034 pro
868 3942 1002 4034 quinta,
1023 3967 1123 4036 quarn
1144 3943 1334 4026 metuebat,
1349 3955 1452 4014 sexta
1470 3967 1512 4012 ex

453 4057 614 4130 industria
635 4061 792 4130 nunciata
822 4076 880 4132 est.
906 4064 978 4149 His,
1006 4061 1096 4132 velut
1126 4077 1292 4132 transacto
1310 4065 1380 4158 jam
1412 4065 1510 4158 peri·

452 4177 547 4268 culo,
572 4179 702 4270 laetum,
729 4181 1005 4278 festinantemque
1024 4183 1066 4253 ad
1086 4187 1236 4280 corporis
1257 4211 1397 4274 curam,
1422 4191 1512 4256 Par·
