3168 5440
431 525 469 580 tta
833 523 864 578 C.
887 523 1062 580 svarortn

431 655 600 720 Hactenus
618 665 730 720 tameo
757 650 897 734 imitati,
920 665 955 719 ut
978 651 1123 746 carmina
1141 673 1260 744 parum
1281 647 1390 716 adhue
1415 645 1458 715 di·

431 769 580 868 vulgata,
594 769 645 839 vel
660 769 893 841 defunctorum
907 773 1106 859 amicorum,
1122 769 1174 839 vel
1189 772 1216 838 si
1230 793 1374 863 quorum
1389 767 1461 836 alio·

431 917 507 960 rum
535 891 751 986 probassent,
780 889 973 986 diligentins
1000 905 1234 972 retractarent,
1264 915 1302 958 ac
1331 887 1460 984 legendo

431 1011 753 1107 commentandoqne
770 1015 871 1082 etiam
890 1014 1007 1082 ceteris
1025 1025 1103 1082 nota
1123 1012 1267 1082 lacerent
1287 1036 1294 1078 :
1317 1025 1356 1080 ut
1370 1011 1462 1080 Caius

431 1135 593 1204 Octavius
613 1133 798 1228 Lampadio
816 1137 920 1204 Naevii
945 1135 1104 1229 punicum
1127 1131 1271 1219 bellum,
1292 1130 1382 1225 quod
1400 1154 1460 1198 uno

433 1253 602 1322 volumine
627 1269 661 1322 ct
683 1256 869 1324 continenti
891 1255 1056 1348 scriptura
1082 1255 1286 1347 expositum,
1307 1251 1418 1320 divisit
1434 1253 1462 1318 in

432 1390 558 1469 septem
579 1373 705 1444 libros:
725 1389 764 1443 ut
790 1389 904 1468 postea
919 1375 1070 1465 Quintus
1089 1374 1314 1468 Vargunteius
1333 1369 1461 1441 annales

432 1495 543 1582 Ennii,
553 1519 637 1588 quos
651 1495 749 1564 certis
763 1493 880 1564 diebus
892 1495 925 1562 in
941 1519 1059 1589 magna
1074 1491 1257 1586 frequentia
1271 1493 1462 1588 pronuncia·

433 1617 513 1685 bat‘:
535 1631 572 1685 ut
587 1614 706 1686 Lalrus
719 1614 916 1704 Archelaus,
932 1617 1078 1700 vectius,
1090 1617 1237 1705 Quintus
1261 1612 1463 1683 Plrilocomus

432 1735 554 1806 Lucilii
572 1739 705 1826 satiras,
723 1735 893 1806 familiaris
909 1738 981 1825 sui;
1002 1761 1084 1830 quas
1103 1735 1218 1832 legisse
1236 1759 1270 1803 se
1293 1731 1381 1828 apud
1408 1737 1464 1803 Ar·

433 1855 587 1926 cbclaum
601 1859 778 1952 Pompeius
794 1859 952 1945 hanua,
970 1855 1060 1952 apud
1074 1854 1304 1925 Philocomum
1318 1852 1465 1926 Valerius

434 1983 530 2066 Cato,
540 1976 731 2072 praedicant
740 1981 973 2047 lustruxeruut
984 1991 1213 2070 auxeruntque
1222 1975 1263 2044 ab
1274 1976 1364 2044 omni
1377 1989 1466 2069 parte
1500 2036 1501 2040 ,

434 2099 704 2192 grammaticam,
725 2097 974 2168 Lucius'AElins
1000 2099 1212 2184 Innuvinua,
1233 2069 1334 2193 gener
1352 2096 1466 2184 Quinti

322 2298 324 2304 7
434 2219 529 2306 AEffi,
550 2221 683 2288 Servim
703 2219 864 2309 Clodius,
889 2235 1029 2314 uterque
1046 2243 1145 2313 eques
1165 2241 1337 2307 romanon,
1356 2215 1466 2286 multi·

433 2363 498 2432 que
516 2341 654 2408 aerarii
674 2355 708 2410 et
726 2342 761 2408 in
778 2339 932 2410 doctrina
951 2355 984 2408 et
1006 2342 1041 2408 in
1061 2338 1229 2435 republica
1246 2363 1335 2408 usus.

482 2463 542 2527 Ill.
563 2461 602 2528 L.
620 2458 724 2529 AElius
739 2462 938 2555 cognomine
955 2459 1080 2554 duplici
1101 2461 1186 2530 fuit:
1206 2481 1280 2530 nam
1298 2475 1332 2530 at
1346 2463 1469 2534 Proco-

435 2581 553 2667 ninua,
572 2580 663 2674 quod
684 2595 778 2676 pater
802 2582 873 2673 ejus
898 2565 1099 2675 preconium
1124 2581 1261 2668 fecerat,
1282 2573 1470 2668 vocabatur,

434 2715 466 2770 et
485 2700 586 2790 Stilo,
607 2703 697 2795 qnod
715 2704 881 2772 orationes
901 2700 1105 2772 nobilissimo
1123 2704 1243 2796 cuique
1259 2703 1403 2772 scribere
1419 2727 1472 2796 so7

436 2823 524 2890 lebat
540 2851 548 2892 t
572 2839 684 2892 tantus
702 2825 902 2918 optimatum
921 2823 1043 2911 fautor,
1063 2837 1099 2891 ut
1117 2823 1283 2912 Quintum
1301 2821 1472 2893 Metellum

436 2943 650 3013 Numidicum
669 2946 701 3012 io
722 2942 873 3012 exsilium
891 2945 1069 3014 comitatus
1083 2945 1135 3012 sit.
1154 2945 1302 3032 Servius,
1317 2942 1424 3038 quum
1441 2941 1474 3011 ti·

435 3065 534 3130 hrum
552 3065 656 3131 soceri
676 3064 824 3132 nondum
842 3063 967 3132 editum
988 3063 1105 3162 fraude
1120 3067 1362 3160 intercepisset,
1383 3081 1419 3134 et
1433 3065 1475 3133 ob

436 3184 500 3250 hoc
518 3183 726 3276 repudiatus,
742 3183 869 3278 pudore
884 3209 922 3254 ac
941 3186 1039 3254 ttadio
1055 3187 1238 3254 secessisset
1253 3187 1295 3254 ab
1316 3186 1428 3272 Urbe,
1439 3185 1477 3253 in

437 3300 591 3396 podagre
608 3305 762 3374 morbum
784 3305 902 3374 incidit
924 3332 932 3374 :
954 3308 1048 3400 cujus
1072 3285 1246 3402 impatiens
1265 3327 1398 3376 veneno
1417 3306 1479 3374 sibi

438 3423 592 3516 perunxit
604 3423 721 3517 pedes,
736 3439 769 3495 et
783 3428 917 3495 enecuit
930 3425 993 3511 ita,
1009 3437 1045 3495 ut
1060 3403 1153 3520 parte
1166 3451 1204 3495 ea
1218 3427 1369 3520 corporis
1383 3427 1482 3520 quasi

437 3561 640 3640 praemortua
658 3547 786 3617 vixerit.
806 3550 884 3616 Post
898 3548 961 3616 hoc
975 3547 1080 3642 magis
1096 3571 1135 3615 ac
1151 3549 1254 3641 magis
1272 3561 1305 3615 et
1322 3550 1438 3641 gratia
1452 3561 1484 3614 et

436 3689 514 3733 cura
534 3667 614 3734 artic
638 3666 798 3754 increvit,
825 3683 862 3736 ut
886 3691 927 3736 ne
948 3665 1121 3735 clarissimi
1141 3665 1274 3760 quidem
1295 3668 1358 3735 viri
1377 3667 1484 3736 absti-

438 3786 593 3873 nuerint,
610 3810 680 3878 qno
699 3787 809 3857 minus
826 3803 861 3856 et
877 3787 937 3882 ipsi
955 3785 1081 3880 aliquid
1095 3785 1137 3856 de
1157 3811 1195 3856 ea
1216 3787 1423 3876 scriberent,
1438 3803 1488 3856 ut·

438 3929 503 3997 que
518 3908 722 4000 temporibus
738 3907 940 4002 quibusdam
954 3933 1052 4002 super
1069 3909 1184 4004 viginti
1198 3907 1342 3978 celebres
1360 3907 1489 3979 schole

438 4022 536 4093 luisse
557 4029 590 4094 in
609 4027 701 4097 Urbe
722 4029 915 4116 tradantur3
933 4031 1038 4124 pretia
1059 4031 1354 4126 grammaticorum
1376 4045 1491 4112 tanta,

438 4145 669 4240 mercedesquc
685 4165 752 4218 tam
770 4173 911 4244 magne,
928 4166 963 4218 ut
979 4166 1123 4238 constet,
1140 4151 1310 4220 Lutatium
1325 4151 1494 4246 Daphni·
