3108 5434
434 516 489 580 aso
777 502 786 508 ”
837 515 868 572 o
890 517 1065 576 sumtuum

429 651 591 730 perpetua
611 637 742 708 vincula
770 640 921 734 conjecit
949 641 1105 712 Abolevit
1130 656 1164 712 et
1185 643 1252 712 vim
1273 666 1445 737 moremque

431 754 612 850 asylorum,
629 781 701 852 quae
721 782 860 852 usquam
876 775 981 830 erant
1000 761 1188 855 Cyzicenis,
1208 763 1242 832 in
1257 762 1346 832 cives
1360 785 1447 830 mma·

431 901 493 946 nos
507 875 682 947 violentius
694 877 843 972 quaedam
860 881 963 969 ausis,
979 879 1112 976 publice
1128 880 1315 952 libertatem
1328 881 1447 966 ademit,

432 1021 531 1091 quam
558 997 786 1068 Mithridatico
816 997 905 1070 bello
935 1017 1135 1072 meruerant.
1167 1001 1310 1076 Hostiles
1341 1015 1448 1086 motus,

432 1115 522 1186 nulla
548 1132 663 1212 postea
688 1117 899 1214 expeditione
924 1135 1090 1216 suscepta,
1110 1147 1171 1218 per
1190 1121 1316 1218 legatos
1333 1145 1449 1216 compe·

431 1237 516 1306 scuit
529 1263 538 1305 ε
552 1261 614 1308 nec
626 1261 755 1332 percos
769 1237 919 1332 quidem,
936 1242 998 1310 nisi
1013 1256 1209 1312 cunctanter
1222 1257 1256 1312 et
1268 1241 1449 1312 necessario.

432 1361 540 1452 Reges
560 1357 695 1428 infestos
716 1373 951 1454 suspectosque
972 1362 1285 1432 comminationibus
1310 1363 1408 1456 magis
1424 1375 1452 1428 et

433 1477 590 1570 querelis,
611 1503 712 1571 quam
732 1479 780 1564 vi,
802 1481 967 1574 repressit
994 1480 1180 1584 Quosdam,
1206 1505 1268 1576 per
1289 1480 1454 1550 blanditias

434 1611 533 1689 atque
553 1597 715 1691 promissa
734 1612 897 1668 extractos
914 1599 958 1668 ad
975 1624 1027 1686 se,
1049 1624 1118 1668 non
1136 1601 1286 1670 remisit:
1304 1616 1343 1670 ut
1356 1603 1455 1670 Maro·

434 1717 580 1786 boduum
594 1719 817 1805 Germanum,
831 1717 1068 1812 Rhascupolim
1076 1719 1256 1806 Thracem,
1269 1717 1457 1790 Archelaum

434 1836 682 1932 Cappadocem,
702 1839 797 1932 cujus
813 1839 912 1908 etiam
926 1863 1065 1934 regnum
1084 1841 1118 1908 in
1137 1839 1274 1910 formam
1292 1839 1460 1936 provincia

435 1957 572 2052 redegit.

485 2081 675 2148 XXXVIIL
692 2079 832 2148 Biennio
843 2081 1001 2150 continuo
1016 2095 1092 2176 post
1106 2081 1262 2177 adeptum
1278 2080 1462 2175 imperium,

437 2196 555 2290 pedem
581 2212 679 2292 porta
701 2225 769 2268 non
799 2199 945 2270 extulit:
969 2203 1119 2294 sequenti
1144 2215 1311 2296 tempore,
1338 2213 1466 2294 prater·

439 2341 539 2410 quam
558 2317 592 2386 in
615 2320 802 2414 propinqua
819 2319 961 2415 oppida,
980 2335 1014 2390 et
1031 2345 1132 2415 quum
1149 2319 1357 2416 longissime,
1375 2319 1467 2389 Antio

440 2453 551 2526 tenus,
573 2462 736 2534 nusquam
757 2439 891 2509 abluit:
915 2439 1014 2534 idque
1032 2465 1169 2534 perraro
1191 2455 1224 2510 et
1246 2463 1372 2534 paucos
1391 2437 1471 2522 diss,

439 2560 608 2651 quamvis,
628 2559 815 2653 provincias
833 2583 966 2653 quoque
987 2573 1021 2628 et
1040 2562 1202 2629 exercitus
1219 2560 1408 2628 reuisurum
1424 2577 1471 2638 se,

439 2702 524 2773 saepe
549 2679 814 2774 pronunciasset,
842 2693 876 2748 et
901 2703 1006 2774 prope
1032 2680 1210 2772 quotannis
1234 2677 1473 2774 profectionem

441 2813 654 2894 praepararet,
676 2797 836 2867 vehiculis
864 2797 1126 2892 comprehensis,
1151 2799 1395 2867 commeatibus
1420 2819 1477 2890 per

441 2919 621 3012 municipia
638 2933 671 2986 et
687 2917 831 2987 colonias
849 2917 1029 3012 dispositis,
1052 2918 1095 2988 ad
1112 2932 1296 2988 exuemum
1315 2931 1400 2986 vota
1418 2940 1477 3010 pro

442 3039 490 3106 itu
505 3052 539 3106 et
552 3034 661 3106 reditu
677 3061 737 3106 suo
752 3037 872 3131 suscipi
890 3061 1021 3132 passus,
1040 3051 1078 3106 ut
1094 3036 1194 3132 vulgo
1208 3037 1277 3130 jam
1292 3059 1358 3130 per
1367 3037 1482 3130 jocum

445 3155 643 3253 Callippides
656 3171 833 3226 vocaretur
847 3181 855 3225 ε
870 3181 969 3250 quem
982 3158 1158 3241 cursitare,
1174 3181 1213 3226 ac
1227 3179 1270 3226 ne
1286 3155 1400 3226 cubiti
1416 3153 1486 3248 qui·

442 3277 518 3346 dem
537 3301 725 3345 mensuram
741 3275 913 3372 progredi,
928 3276 1105 3370 proverbio
1122 3301 1228 3371 gmeco
1248 3291 1408 3346 notattrm
1428 3287 1485 3342 est.

454 3375 462 3402 ¹
490 3397 648 3466 XXXIX.
671 3395 737 3465 Sed
756 3395 891 3466 orbatus
911 3410 1052 3488 utroque
1072 3395 1156 3484 lilio,
1178 3417 1321 3489 quorum
1341 3398 1491 3466 Germa·

444 3516 538 3586 nicus
558 3516 719 3608 insyria,
741 3519 871 3585 Drusus
893 3519 1007 3589 Romae
1030 3515 1172 3603 obierat,
1196 3535 1367 3584 secessum
1393 3516 1494 3583 Cam·

444 3636 549 3728 panim
578 3636 688 3730 petiit,
714 3635 877 3703 constanti
906 3649 939 3702 et
965 3635 1122 3728 opinione
1148 3647 1182 3704 et
1208 3657 1370 3704 somnone
1400 3655 1496 3727 paene

444 3755 609 3842 omnium,
624 3755 717 3847 quasi
728 3777 840 3846 neque
854 3751 1020 3821 rediturus
1034 3777 1200 3846 unquam,
1211 3767 1245 3821 et
1258 3753 1327 3821 cito
1344 3765 1501 3820 mortem

445 3873 544 3941 ctiam
556 3873 705 3942 obiturus
718 3897 726 3940 ε
739 3871 829 3965 quod
840 3869 939 3966 paulo
953 3873 1061 3940 mimis
1072 3885 1250 3964 utrumque
1262 3871 1397 3940 evenit.
1409 3871 1501 3940 Nam

446 4017 553 4085 neque
574 3997 716 4062 Romam
737 3991 878 4084 amplius
899 3989 1013 4078 rediit3
1038 3989 1096 4061 sed
1118 3987 1293 4083 et'paucos
1315 4005 1408 4086 post
1431 3990 1507 4058 dies

441 4111 537 4208 juxta
552 4115 763 4181 Terracinam
782 4113 815 4178 in
834 4111 1002 4204 praetorio,
1021 4111 1072 4179 cui
1087 4108 1258 4203 Speluncae
1274 4134 1417 4180 nomen
1437 4124 1510 4197 est,
