3108 5434
428 496 827 559 ocmvrussucusrus.
1102 519 1137 572 77

117 622 206 703 sinro,
217 617 389 687 interdum
406 618 498 688 nullo
518 623 643 715 pretio,
662 625 784 691 viritim
800 621 973 691 admensus
990 637 1053 712 est,
1072 639 1136 693 tes·

116 761 263 830 serasque
283 741 486 808 nummarias
500 738 689 832 duplicavit.

159 859 265 924 ml.
287 855 402 925 Sedut
419 856 581 926 salubrem
598 859 700 951 magis
712 883 812 950 quam
828 858 1037 928 ambitiosum
1052 861 1139 953 prin·

118 977 218 1070 cipem
236 977 359 1062 scires,
379 991 571 1070 querentem
594 976 635 1044 de
656 977 766 1069 inopia
783 989 817 1044 et
836 978 971 1046 caritate
988 979 1057 1046 vini
1078 1003 1139 1072 po-

118 1091 230 1186 pulum
248 1094 454 1162 severissima
470 1095 614 1162 coercuit
630 1117 708 1162 voce
725 1120 734 1162 ε
747 1095 857 1164 «Satis
874 1095 1043 1187 provisum
1057 1121 1076 1164 a
1089 1123 1142 1190 ge·

119 1236 194 1279 nero
212 1237 275 1279 suo
285 1211 626 1306 Agrippa,perductis
639 1210 790 1306 pluribus
805 1215 912 1304 aquis,
932 1237 974 1282 ne
991 1215 1141 1284 homines

118 1329 401 1398 sitirentuEidem
420 1327 562 1424 populo,
574 1331 768 1424 promissum
785 1329 918 1424 quidem
936 1333 1140 1424 congiarium

118 1448 318 1541 reposcenti,
338 1451 457 1556 allona
484 1472 518 1516 se
537 1445 614 1518 fidei
632 1471 742 1536 essem
766 1448 936 1542 respondit
954 1440 1045 1518 :non
1071 1473 1143 1543 pro-

118 1569 254 1635 missum
277 1579 388 1634 autem
407 1565 567 1659 flagitanti
587 1565 824 1658 turpitudinem
846 1581 879 1634 et
904 1566 1141 1662 impudentiam

118 1685 227 1754 edicto
233 1685 455 1777 exprobravit,
466 1683 791 1776 affirmavirque,non
806 1683 971 1772 daturum,
983 1711 1017 1755 se
1027 1711 1143 1779 quam·

117 1805 168 1872 ris
192 1803 273 1872 dare
299 1801 486 1891 destinarat
516 1805 587 1872 Nec
610 1803 737 1872 minore
760 1806 919 1897 gravitate
944 1818 1045 1899 atque
1061 1829 1142 1874 cou-

117 1922 256 2008 stantio,
272 1943 390 2012 quum,
402 1921 572 2014 proposito
591 1921 779 2014 congiario,
792 1920 913 1992 multos
929 1925 1144 2016 manumissos

119 2041 328 2131 insertosque
343 2039 465 2108 civium
482 2063 621 2108 numero
640 2041 869 2133 comperisset,
885 2041 1018 2134 negavit
1034 2063 1146 2134 accep-
1182 2025 1185 2032 ¹

119 2173 235 2242 turos,
250 2158 368 2250 quibus
384 2157 583 2252 promissum
599 2182 666 2228 non
691 2172 790 2246 esset;
813 2160 994 2252 ceterisque
1016 2161 1142 2241 minusg

119 2301 223 2370 quam
236 2277 446 2370 promiserat,
464 2275 572 2364 dedit,
589 2291 628 2346 ut
648 2275 809 2346 destinata
828 2299 955 2346 summa
971 2277 1143 2346 sufficeret.

117 2399 249 2488 Magna
271 2419 348 2464 vero
371 2395 537 2488 quondam
558 2393 741 2483 sterilitate,
764 2420 803 2463 ac
822 2395 948 2464 difficili
979 2396 1144 2480 remedio,

118 2538 228 2608 quum
248 2512 415 2582 venalitios
438 2528 472 2582 et
500 2512 694 2584 lanistarum
719 2512 873 2598 familias,
891 2516 1147 2608 peregrinosque

120 2655 257 2718 omnes,
281 2632 423 2724 exceptis
449 2630 582 2700 medicis
597 2645 631 2700 et
657 2632 930 2726 preceptoribus,
955 2645 1147 2724 partemque

120 2749 348 2834 servitiorum,
361 2749 453 2818 Urbe
470 2747 659 2843 expulisset3
676 2763 714 2818 ut
726 2746 859 2816 taudem
876 2771 1007 2816 annona
1023 2771 1145 2815 conva-

121 2866 207 2952 luit,
218 2867 403 2960 «impetum
421 2891 456 2936 se
473 2861 617 2960 cepisses
636 2864 1073 2952 scribit,«frumentatioues
1085 2889 1147 2958 pu-

120 2983 228 3054 blicas
248 2985 282 3052 in
302 2999 498 3078 perpetuum
515 2981 685 3070 abolendi,
704 2981 793 3076 quod
810 2985 923 3051 earum
942 2981 1061 3077 fiducia
1078 2981 1148 3050 cul·

122 3119 204 3172 tura
217 3126 372 3197 agrorum
388 3116 551 3172 cessaret:
572 3126 678 3194 neque
691 3117 801 3170 tamen
816 3124 1052 3193 perseverasse,
1072 3102 1150 3194 quia

123 3235 257 3290 certum
275 3221 425 3309 haberet,
442 3245 538 3315 posse
553 3245 615 3316 per
631 3221 842 3290 ambitionem
866 3218 1064 3313 quaudoque
1084 3243 1150 3287 res·

123 3340 214 3408 ritui.
224 3367 242 3402 a
258 3341 365 3432 Atque
379 3339 425 3408 ita
445 3339 581 3432 posthac
598 3363 668 3406 rem
685 3339 892 3431 temperavit,
909 3351 947 3404 ut
966 3361 1034 3405 non
1050 3339 1151 3405 mino-

125 3481 200 3527 rem
215 3471 383 3526 aratorum
401 3481 440 3526 ac
458 3457 713 3550 negotiantium,
725 3479 824 3548 quarn
841 3453 971 3548 populi,
989 3457 1150 3523 rationem

124 3575 274 3645 dumne
1202 3657 1206 3666 .

175 3695 301 3762 mn.
323 3691 592 3786 Spectaculorum
609 3707 643 3761 et
659 3691 864 3776 assiduitate,
880 3705 914 3760 et
931 3691 1088 3758 varietate
1105 3704 1153 3756 at-

123 3838 196 3908 que
213 3811 472 3908 magnificentia,
490 3837 604 3882 omnes
626 3813 809 3881 antecessit.
834 3813 959 3879 Fecisse
984 3807 1079 3878 ludos
1103 3833 1153 3893 se,

13 3957 14 3968 ¹
124 3934 190 4020 ait,
200 3955 263 4000 suo
279 3933 412 4002 nomine
428 3945 544 4024 quater
558 3955 641 4025 :pro
658 3929 729 3998 aliis
745 3930 1006 4024 magistratibus,
1025 3929 1081 4020 qui
1096 3941 1154 3994 aut

125 4051 292 4138 abessent,
304 4065 362 4118 aut
381 4049 670 4152 nonsufficerent,
681 4064 731 4118 ter
744 4064 776 4117 et
786 4051 892 4116 vicies.
904 4047 1058 4138 Fecitque
1069 4069 1157 4113 non-
