3164 5442
400 541 452 608 ¹9⁴
861 523 976 580 NOTAE

440 646 575 718 Suprema
591 641 714 713 jndicio.
736 641 802 698 Scil.
821 651 1002 712 testamenta,
1017 652 1049 696 nt
1071 640 1100 696 in
1117 642 1179 698 Val.
1196 641 1293 713 Illam,
1311 659 1373 711 ru,
1394 659 1412 712 7
1434 661 1443 697 ι

343 805 346 816 ⁵
398 762 413 788 ι
423 741 567 812 Augustus
582 752 715 809 suprema
727 733 837 807 judicia
850 733 1053 808 improbavit.»

443 830 600 884 Vevdonem.
611 826 728 885 Amicos
742 827 816 883 enim
829 827 962 884 laudibus
974 825 1111 900 prosequi
1119 827 1164 882 vel
1173 825 1329 884 maledictis
1344 837 1445 902 tyran-

397 941 450 978 nos
468 932 496 978 et
510 939 609 977 eorum
623 920 728 976 amicos
743 939 862 978 onerare
875 919 906 976 in
926 917 1097 976 testamentis
1116 921 1262 976 Romanos
1279 921 1372 978 solere
1384 919 1442 992 jam

397 1014 569 1071 monuimus.

437 1109 552 1164 Eorum.
569 1107 611 1162 Cf.
627 1109 732 1176 Dion,
751 1125 814 1176 rvr,
827 1125 856 1180 p.
873 1103 939 1180 591.

438 1203 504 1258 Car.
518 1201 637 1256 LXVII.
651 1199 793 1254 Patronus
805 1201 996 1274 dominusque.
1015 1231 1054 1242 —
1072 1199 1214 1256 Patronus
1233 1199 1367 1268 libertos,
1387 1197 1444 1256 do-

398 1295 491 1350 minos
508 1311 602 1348 servos
616 1301 732 1364 spectat.

438 1387 674 1458 Dispensatorem.
690 1385 724 1440 Η.
735 1401 760 1438 e.
777 1381 829 1458 qui
847 1383 889 1439 rei
905 1383 1051 1440 familiaris
1066 1384 1190 1440 rationes
1204 1381 1403 1458 dispensabat,
1417 1393 1445 1438 et

397 1478 525 1553 pecuniae
539 1496 636 1534 curam
648 1476 782 1532 babebat.

439 1579 466 1628 A
479 1591 543 1647 qno.
564 1573 674 1644 Nempe
694 1569 835 1626 Diomede
853 1571 899 1628 vel
919 1570 1026 1628 vitante
1046 1568 1109 1644 apri
1129 1569 1290 1642 incursum,
1310 1573 1357 1628 vel
1375 1573 1444 1648 fuga

399 1667 545 1723 deserente
558 1667 727 1739 Augustum.

413 1779 418 1790 ·
439 1762 467 1815 A
480 1777 575 1812 mann.
592 1755 663 1828 Quis
676 1756 783 1812 dictum
797 1772 885 1829 supra
897 1755 927 1811 in
943 1756 1031 1823 Ceer„
1047 1775 1159 1814 nxxvn.

439 1852 543 1926 Fregit.
560 1881 601 1896 -
619 1849 821 1924 Crunsragiwn
840 1849 989 1906 dicebatur
1008 1849 1179 1924 supplicium
1195 1851 1283 1922 illud,
1303 1867 1365 1925 quo
1381 1867 1444 1906 ser-

398 1961 500 2000 vornm
520 1962 603 2000 ernra
621 1943 799 2020 frangebant.
816 1945 930 2014 Senon,
947 1945 983 1998 de
998 1945 1063 2008 Im,
1085 1962 1140 2015 ιιι,
1157 1944 1194 2000 32
1213 1963 1220 2000 ι
1241 1969 1254 1994 ιι
1268 1941 1349 2014 Quid
1371 1960 1445 2017 pro-

397 2053 530 2110 peramus
542 2037 693 2092 verberare
707 2035 814 2105 statim,
835 2053 919 2092 crura
931 2035 1064 2108 protinus
1077 2035 1229 2111 frangere?
1245 2059 1257 2088 ι

439 2132 473 2184 In
482 2129 603 2202 flumen.
624 2128 713 2197 Quod
729 2127 819 2184 Greci
837 2129 978 2184 vocabant
993 2139 1201 2209 χαταπιιτισμός.
1223 2128 1269 2186 Sic
1286 2129 1394 2201 Tacit,
1417 2129 1456 2186 in·

400 2223 493 2278 Germ.
500 2261 509 2288 ,
525 2241 588 2291 xm,
603 2239 620 2276 a
635 2241 642 2276 :
656 2245 669 2270 α
683 2221 820 2295 Ignaros,
835 2231 863 2276 et
876 2221 1017 2292 imbelles,
1035 2231 1063 2275 et
1077 2239 1201 2296 corpore
1215 2221 1348 2294 infames,
1362 2241 1444 2280 coeno

398 2332 431 2372 ac
449 2313 573 2387 palude,
592 2313 696 2385 injecta
714 2313 831 2389 insuper
845 2324 936 2384 crate,
953 2325 1092 2388 mergunt
1107 2339 1121 2366 ιι

439 2407 504 2464 en.
518 2407 653 2462 LXVIII.
678 2407 788 2462 Orbem.
803 2405 902 2462 Ludus
915 2417 956 2462 est
976 2405 1006 2461 in
1020 2405 1128 2480 duplici
1145 2425 1229 2464 sensu
1248 2407 1386 2465 vocabuli
1399 2427 1445 2464 or-

399 2501 479 2566 bem,
503 2499 585 2574 quod
599 2499 733 2574 tympani
750 2500 861 2565 orbem,
886 2517 903 2554 a
922 2500 1005 2556 Gallo
1023 2500 1183 2574 pulsatum,
1202 2499 1400 2578 significabat,
1419 2511 1444 2556 et

399 2593 620 2649 convertebatur
633 2609 650 2647 a
662 2593 773 2666 populo
787 2591 817 2648 ln
832 2592 1032 2648 contumeliam
1045 2593 1170 2670 Augusti
1179 2593 1230 2669 qui
1242 2595 1340 2650 orbem
1353 2607 1442 2650 tem·

399 2705 459 2742 men
467 2685 582 2742 tenebat
595 2685 726 2760 imperio.

438 2781 506 2836 Car.
522 2780 629 2835 LXIX.
644 2779 811 2834 lneomtfore
830 2780 946 2854 capillo.
967 2781 1010 2836 Ita
1029 2781 1148 2848 loven,
1162 2797 1212 2850 xx,
1233 2779 1287 2852 187
1307 2798 1316 2834 ι
1345 2845 1349 2852 ¹

486 2927 488 2932 ’
504 2938 655 3002 vexatasque
663 2951 756 2996 onmes,
767 2945 792 2986 et
800 2936 893 2987 vultum
904 2953 1035 3002 auremque
1044 2947 1178 2988 canentem.

440 3083 626 3140 Conditmnes.
640 3085 676 3141 II.
691 3103 716 3141 e.
731 3095 844 3160 stupra,
862 3097 895 3142 ut
909 3087 967 3143 Cic.
980 3107 1034 3162 pm
1057 3088 1125 3144 cal.
1133 3129 1143 3155 ,
1159 3107 1196 3144 xv
1211 3108 1218 3142 :
1232 3112 1244 3138 ι
1259 3088 1359 3146 Habes
1372 3089 1439 3146 bor-

400 3189 445 3234 tos
462 3176 500 3233 ad
521 3175 664 3248 Tiberim,
685 3195 745 3252 quo
769 3180 860 3234 omnis
872 3178 1008 3252 juventus
1029 3181 1146 3236 natandi
1161 3199 1244 3237 causa
1263 3181 1353 3237 remit
1373 3181 1441 3238 Hinc

399 3270 466 3326 licet
479 3267 660 3325 conditiones
680 3269 811 3344 quotidie
825 3272 935 3348 legas.»
954 3273 997 3329 Cf.
1012 3275 1161 3344 Tannum,
1176 3273 1267 3328 Andr.
1276 3313 1285 3340 ,
1301 3291 1332 3343 1,
1348 3293 1377 3345 r,
1399 3272 1441 3329 5².

440 3362 588 3439 Reginam.
610 3361 677 3418 snit.
699 3363 897 3438 Cleopatram,
918 3383 969 3420 seu
986 3365 1164 3434 Terentiam,
1182 3365 1348 3422 Maecenatis
1370 3383 1445 3421 nro-

400 3473 477 3526 rem,
496 3453 532 3512 de
546 3473 603 3530 qua
617 3454 690 3528 Dio,
709 3473 772 3528 mv,
789 3475 819 3532 P·
836 3455 873 3511 33
890 3465 963 3519 :Kal
983 3486 1045 3527 τιιις
1066 3465 1109 3519 ami
1122 3461 1167 3518 dria
1187 3466 1231 3524 riv
1250 3467 1382 3537 Teprvrinv
1401 3469 1444 3522 τὸν

399 3563 443 3610 τοῦ
462 3557 591 3614 Μαικήιου
609 3559 715 3628 voverim
733 3553 898 3630 ἀποδημῆσαι
917 3559 990 3612 niriv
1010 3559 1181 3615 bmrfrrnoav’
1201 3555 1448 3612 intentaverat&

399 3647 455 3722 rupi
473 3651 551 3702 αὐτῶν
567 3649 590 3702 fv
605 3657 636 3720 τῇ
650 3640 725 3720 laipp
744 3651 921 3721 ίλογοποιιῖτο,
938 3653 995 3705 elenu
1008 3652 1133 3722 θριῦτιιιὸς
1148 3654 1170 3704 iv
1185 3658 1216 3720 τῇ
1231 3647 1449 3724 modnpignirj

401 3749 468 3812 ιιιιιῇ.

439 3827 506 3882 Car.
521 3827 613 3882 Lxx.
631 3826 777 3883 Secretebr.
791 3829 825 3884 ln
839 3827 938 3886 intima
952 3830 1026 3884 enim
1041 3830 1143 3886 domus
1164 3841 1248 3906 parte
1268 3831 1449 3904 parabantur

400 3918 606 3977 luxuriosiorea
627 3936 713 3975 ooenn
729 3919 807 3995 apud
825 3931 943 3978 veteres.
962 3924 1106 3994 Juvenal,
1122 3941 1147 3994 ι,
1161 3931 1199 3997 94
1216 3943 1223 3978 ι

753 4109 759 4121 .
777 4089 783 4122 :
799 4111 805 4122 .
821 4111 827 4123 .
842 4074 891 4138 Qui
902 4073 991 4126 fereula
1000 4085 1090 4142 reptem

506 4158 604 4206 annno
613 4155 714 4208 sonarit
725 4171 790 4207 avua.
