<?xml version="1.0" encoding="UTF-8"?>
<!DOCTYPE html PUBLIC "-//W3C//DTD XHTML 1.0 Transitional//EN"
    "http://www.w3.org/TR/xhtml1/DTD/xhtml1-transitional.dtd">
<html xmlns="http://www.w3.org/1999/xhtml" xml:lang="en" lang="en">
 <head>
  <title>
</title>
<meta http-equiv="Content-Type" content="text/html;charset=utf-8" />
  <meta name='ocr-system' content='tesseract 3.04.00' />
  <meta name='ocr-capabilities' content='ocr_page ocr_carea ocr_par ocr_line ocrx_word'/>
</head>
<body>
  <div class='ocr_page' id='page_1' title='image "./caiisuetonitran00grosgoog_0282.png"; bbox 0 0 3098 5446; ppageno 0'>
   <div class='ocr_carea' id='block_1_1' title="bbox 91 491 1151 4145">
    <p class='ocr_par' dir='ltr' id='par_1_1' title="bbox 101 491 1151 828">
     <span class='ocr_line' id='line_1_1' title="bbox 555 491 1114 550; baseline 0.004 -2"><span class='ocrx_word' id='word_1_1' title='bbox 555 491 664 549; x_wconf 81' lang='lat' dir='ltr'>NERO.</span> <span class='ocrx_word' id='word_1_2' title='bbox 1060 491 1114 550; x_wconf 74' lang='lat'>255</span> 
     </span>
     <span class='ocr_line' id='line_1_2' title="bbox 109 603 1151 709; baseline 0.004 -25"><span class='ocrx_word' id='word_1_3' title='bbox 109 619 249 684; x_wconf 75' lang='lat' dir='ltr'>locustae</span> <span class='ocrx_word' id='word_1_4' title='bbox 267 638 327 706; x_wconf 90' lang='lat' dir='ltr'>pro</span> <span class='ocrx_word' id='word_1_5' title='bbox 345 629 459 684; x_wconf 86' lang='lat' dir='ltr'>navata</span> <span class='ocrx_word' id='word_1_6' title='bbox 482 640 581 709; x_wconf 88' lang='lat' dir='ltr'>opera</span> <span class='ocrx_word' id='word_1_7' title='bbox 602 615 826 707; x_wconf 79' lang='lat' dir='ltr'><strong>impunitatem</strong></span> <span class='ocrx_word' id='word_1_8' title='bbox 846 615 1028 708; x_wconf 80' lang='lat' dir='ltr'>predinque</span> <span class='ocrx_word' id='word_1_9' title='bbox 1048 641 1116 688; x_wconf 84' lang='lat' dir='ltr'>em·</span> <span class='ocrx_word' id='word_1_10' title='bbox 1148 603 1151 612; x_wconf 42' lang='lat'>¹</span> 
     </span>
     <span class='ocr_line' id='line_1_3' title="bbox 101 731 602 828; baseline 0.004 -28"><span class='ocrx_word' id='word_1_11' title='bbox 101 733 173 827; x_wconf 84' lang='lat' dir='ltr'>pla,</span> <span class='ocrx_word' id='word_1_12' title='bbox 189 731 246 801; x_wconf 88' lang='lat' dir='ltr'>sed</span> <span class='ocrx_word' id='word_1_13' title='bbox 262 745 295 801; x_wconf 92' lang='lat' dir='ltr'>et</span> <span class='ocrx_word' id='word_1_14' title='bbox 312 732 486 828; x_wconf 87' lang='lat' dir='ltr'>discipulos</span> <span class='ocrx_word' id='word_1_15' title='bbox 503 733 602 802; x_wconf 87' lang='lat' dir='ltr'><strong>dedit.</strong></span> 
     </span>
    </p>

    <p class='ocr_par' dir='ltr' id='par_1_2' title="bbox 91 853 1118 4145">
     <span class='ocr_line' id='line_1_4' title="bbox 148 853 1114 946; baseline 0.003 -26"><span class='ocrx_word' id='word_1_16' title='bbox 148 854 305 924; x_wconf 80' lang='lat' dir='ltr'>XXXIV.</span> <span class='ocrx_word' id='word_1_17' title='bbox 332 853 491 940; x_wconf 89' lang='lat' dir='ltr'>Matrem,</span> <span class='ocrx_word' id='word_1_18' title='bbox 518 853 603 921; x_wconf 81' lang='lat' dir='ltr'>dicta</span> <span class='ocrx_word' id='word_1_19' title='bbox 631 853 781 943; x_wconf 85' lang='lat' dir='ltr'>laetaque</span> <span class='ocrx_word' id='word_1_20' title='bbox 810 877 868 922; x_wconf 88' lang='lat' dir='ltr'>sua</span> <span class='ocrx_word' id='word_1_21' title='bbox 893 855 1114 946; x_wconf 83' lang='lat' dir='ltr'>exquirentem</span> 
     </span>
     <span class='ocr_line' id='line_1_5' title="bbox 108 969 1116 1065; baseline 0.003 -27"><span class='ocrx_word' id='word_1_22' title='bbox 108 969 247 1053; x_wconf 74' lang='lat' dir='ltr'>acerbius</span> <span class='ocrx_word' id='word_1_23' title='bbox 261 984 294 1038; x_wconf 92' lang='lat' dir='ltr'>et</span> <span class='ocrx_word' id='word_1_24' title='bbox 311 972 546 1065; x_wconf 72' lang='lat' dir='ltr'>corrigentem,</span> <span class='ocrx_word' id='word_1_25' title='bbox 563 971 720 1042; x_wconf 86' lang='lat' dir='ltr'>hactenns</span> <span class='ocrx_word' id='word_1_26' title='bbox 736 972 844 1065; x_wconf 92' lang='lat' dir='ltr'>primo</span> <span class='ocrx_word' id='word_1_27' title='bbox 859 973 1065 1064; x_wconf 85' lang='lat' dir='ltr'>gravabatur,</span> <span class='ocrx_word' id='word_1_28' title='bbox 1080 989 1116 1042; x_wconf 90' lang='lat' dir='ltr'>ut</span> 
     </span>
     <span class='ocr_line' id='line_1_6' title="bbox 107 1087 1115 1188; baseline 0.003 -32"><span class='ocrx_word' id='word_1_29' title='bbox 107 1087 221 1156; x_wconf 83' lang='lat' dir='ltr'>invidia</span> <span class='ocrx_word' id='word_1_30' title='bbox 250 1087 426 1157; x_wconf 83' lang='lat' dir='ltr'>identidem</span> <span class='ocrx_word' id='word_1_31' title='bbox 451 1103 623 1175; x_wconf 79' lang='lat' dir='ltr'>oneraret,</span> <span class='ocrx_word' id='word_1_32' title='bbox 656 1091 747 1181; x_wconf 84' lang='lat' dir='ltr'>quasi</span> <span class='ocrx_word' id='word_1_33' title='bbox 780 1113 929 1188; x_wconf 80' lang='lat' dir='ltr'>cessurus</span> <span class='ocrx_word' id='word_1_34' title='bbox 960 1091 1115 1184; x_wconf 87' lang='lat' dir='ltr'>imperio,</span> 
     </span>
     <span class='ocr_line' id='line_1_7' title="bbox 107 1181 1116 1300; baseline 0.003 -26"><span class='ocrx_word' id='word_1_35' title='bbox 107 1205 318 1300; x_wconf 82' lang='lat' dir='ltr'>Rhodumque</span> <span class='ocrx_word' id='word_1_36' title='bbox 333 1207 480 1276; x_wconf 81' lang='lat' dir='ltr'>abiturus</span> <span class='ocrx_word' id='word_1_37' title='bbox 494 1233 502 1276; x_wconf 93' lang='lat'><strong>:</strong></span> <span class='ocrx_word' id='word_1_38' title='bbox 516 1231 591 1276; x_wconf 86' lang='lat' dir='ltr'>mox</span> <span class='ocrx_word' id='word_1_39' title='bbox 610 1221 642 1276; x_wconf 93' lang='lat' dir='ltr'>et</span> <span class='ocrx_word' id='word_1_40' title='bbox 660 1207 785 1276; x_wconf 88' lang='lat' dir='ltr'>honore</span> <span class='ocrx_word' id='word_1_41' title='bbox 802 1181 898 1275; x_wconf 81' lang='lat' dir='ltr'>omni</span> <span class='ocrx_word' id='word_1_42' title='bbox 908 1221 940 1276; x_wconf 90' lang='lat' dir='ltr'>et</span> <span class='ocrx_word' id='word_1_43' title='bbox 955 1222 1116 1300; x_wconf 78' lang='lat' dir='ltr'>potestate</span> 
     </span>
     <span class='ocr_line' id='line_1_8' title="bbox 106 1323 1115 1419; baseline 0.001 -24"><span class='ocrx_word' id='word_1_44' title='bbox 106 1328 259 1418; x_wconf 59' lang='lat' dir='ltr'>privatin</span> <span class='ocrx_word' id='word_1_45' title='bbox 275 1325 481 1419; x_wconf 89' lang='lat' dir='ltr'>abductaque</span> <span class='ocrx_word' id='word_1_46' title='bbox 497 1323 638 1394; x_wconf 88' lang='lat' dir='ltr'>militum</span> <span class='ocrx_word' id='word_1_47' title='bbox 654 1339 686 1394; x_wconf 89' lang='lat' dir='ltr'>et</span> <span class='ocrx_word' id='word_1_48' title='bbox 705 1327 944 1394; x_wconf 88' lang='lat' dir='ltr'>Germanorum</span> <span class='ocrx_word' id='word_1_49' title='bbox 958 1328 1115 1410; x_wconf 85' lang='lat' dir='ltr'>statione,</span> 
     </span>
     <span class='ocr_line' id='line_1_9' title="bbox 104 1442 1115 1546; baseline 0.002 -34"><span class='ocrx_word' id='word_1_50' title='bbox 104 1445 313 1546; x_wconf 77' lang='lat' dir='ltr'>counrbernio</span> <span class='ocrx_word' id='word_1_51' title='bbox 338 1467 469 1538; x_wconf 92' lang='lat' dir='ltr'>quoqne</span> <span class='ocrx_word' id='word_1_52' title='bbox 495 1469 533 1514; x_wconf 92' lang='lat' dir='ltr'>ac</span> <span class='ocrx_word' id='word_1_53' title='bbox 559 1442 682 1538; x_wconf 90' lang='lat' dir='ltr'>palatio</span> <span class='ocrx_word' id='word_1_54' title='bbox 706 1443 839 1537; x_wconf 82' lang='lat' dir='ltr'>expulit.</span> <span class='ocrx_word' id='word_1_55' title='bbox 863 1445 978 1536; x_wconf 83' lang='lat' dir='ltr'>Neque</span> <span class='ocrx_word' id='word_1_56' title='bbox 1005 1447 1038 1513; x_wconf 90' lang='lat' dir='ltr'>in</span> <span class='ocrx_word' id='word_1_57' title='bbox 1066 1445 1115 1514; x_wconf 90' lang='lat' dir='ltr'>di·</span> 
     </span>
     <span class='ocr_line' id='line_1_10' title="bbox 104 1562 1115 1657; baseline 0.003 -28"><span class='ocrx_word' id='word_1_58' title='bbox 104 1562 244 1630; x_wconf 82' lang='lat' dir='ltr'>uexanda</span> <span class='ocrx_word' id='word_1_59' title='bbox 254 1565 427 1655; x_wconf 87' lang='lat' dir='ltr'>quicquam</span> <span class='ocrx_word' id='word_1_60' title='bbox 438 1563 530 1657; x_wconf 89' lang='lat' dir='ltr'>pensi</span> <span class='ocrx_word' id='word_1_61' title='bbox 544 1563 676 1648; x_wconf 92' lang='lat' dir='ltr'>habuit,</span> <span class='ocrx_word' id='word_1_62' title='bbox 688 1564 881 1649; x_wconf 76' lang='lat' dir='ltr'>summissis,</span> <span class='ocrx_word' id='word_1_63' title='bbox 891 1565 947 1656; x_wconf 90' lang='lat' dir='ltr'>qui</span> <span class='ocrx_word' id='word_1_64' title='bbox 957 1577 990 1631; x_wconf 90' lang='lat' dir='ltr'>et</span> <span class='ocrx_word' id='word_1_65' title='bbox 1003 1567 1115 1632; x_wconf 77' lang='lat' dir='ltr'>Rome</span> 
     </span>
     <span class='ocr_line' id='line_1_11' title="bbox 104 1680 1116 1774; baseline 0.001 -25"><span class='ocrx_word' id='word_1_66' title='bbox 104 1696 281 1750; x_wconf 88' lang='lat' dir='ltr'>morantem</span> <span class='ocrx_word' id='word_1_67' title='bbox 300 1680 427 1769; x_wconf 88' lang='lat' dir='ltr'>litib&#39;us,</span> <span class='ocrx_word' id='word_1_68' title='bbox 445 1683 527 1750; x_wconf 91' lang='lat' dir='ltr'>etin</span> <span class='ocrx_word' id='word_1_69' title='bbox 546 1705 671 1752; x_wconf 86' lang='lat' dir='ltr'>secessu</span> <span class='ocrx_word' id='word_1_70' title='bbox 692 1681 909 1772; x_wconf 87' lang='lat' dir='ltr'>quiescentem</span> <span class='ocrx_word' id='word_1_71' title='bbox 927 1705 985 1774; x_wconf 88' lang='lat' dir='ltr'>per</span> <span class='ocrx_word' id='word_1_72' title='bbox 1005 1685 1116 1750; x_wconf 90' lang='lat' dir='ltr'>convi-</span> 
     </span>
     <span class='ocr_line' id='line_1_12' title="bbox 103 1799 1113 1892; baseline 0 -24"><span class='ocrx_word' id='word_1_73' title='bbox 103 1801 146 1868; x_wconf 84' lang='lat' dir='ltr'>cia</span> <span class='ocrx_word' id='word_1_74' title='bbox 159 1815 196 1868; x_wconf 86' lang='lat' dir='ltr'>et</span> <span class='ocrx_word' id='word_1_75' title='bbox 209 1801 321 1892; x_wconf 89' lang='lat' dir='ltr'>jocos,</span> <span class='ocrx_word' id='word_1_76' title='bbox 341 1815 425 1868; x_wconf 90' lang='lat' dir='ltr'>terra</span> <span class='ocrx_word' id='word_1_77' title='bbox 441 1801 588 1892; x_wconf 87' lang='lat' dir='ltr'>marique</span> <span class='ocrx_word' id='word_1_78' title='bbox 598 1799 870 1892; x_wconf 71' lang='lat' dir='ltr'>praeteruehentes</span> <span class='ocrx_word' id='word_1_79' title='bbox 886 1800 1113 1892; x_wconf 87' lang='lat' dir='ltr'>inquietarent.</span> 
     </span>
     <span class='ocr_line' id='line_1_13' title="bbox 102 1917 1113 2011; baseline 0.002 -27"><span class='ocrx_word' id='word_1_80' title='bbox 102 1919 222 1988; x_wconf 81' lang='lat' dir='ltr'>Vemm</span> <span class='ocrx_word' id='word_1_81' title='bbox 239 1921 337 1988; x_wconf 88' lang='lat' dir='ltr'>minis</span> <span class='ocrx_word' id='word_1_82' title='bbox 353 1919 423 2011; x_wconf 85' lang='lat' dir='ltr'>ejus</span> <span class='ocrx_word' id='word_1_83' title='bbox 440 1943 477 1987; x_wconf 90' lang='lat' dir='ltr'>ac</span> <span class='ocrx_word' id='word_1_84' title='bbox 495 1917 649 1988; x_wconf 86' lang='lat' dir='ltr'>violentia</span> <span class='ocrx_word' id='word_1_85' title='bbox 665 1919 816 2002; x_wconf 91' lang='lat' dir='ltr'>territus,</span> <span class='ocrx_word' id='word_1_86' title='bbox 842 1917 977 2011; x_wconf 87' lang='lat' dir='ltr'>perdere</span> <span class='ocrx_word' id='word_1_87' title='bbox 992 1921 1113 1988; x_wconf 84' lang='lat' dir='ltr'>statuit</span> 
     </span>
     <span class='ocr_line' id='line_1_14' title="bbox 101 2036 1116 2132; baseline -0.002 -26"><span class='ocrx_word' id='word_1_88' title='bbox 101 2036 145 2107; x_wconf 80' lang='lat' dir='ltr'>Et&#39;</span> <span class='ocrx_word' id='word_1_89' title='bbox 162 2061 268 2132; x_wconf 88' lang='lat' dir='ltr'>quum</span> <span class='ocrx_word' id='word_1_90' title='bbox 293 2052 492 2106; x_wconf 81' lang='lat' dir='ltr'>ter&#39;veneuo</span> <span class='ocrx_word' id='word_1_91' title='bbox 518 2049 690 2122; x_wconf 86' lang='lat' dir='ltr'>tentasset,</span> <span class='ocrx_word' id='word_1_92' title='bbox 723 2037 921 2128; x_wconf 85' lang='lat' dir='ltr'>sentiretque</span> <span class='ocrx_word' id='word_1_93' title='bbox 960 2036 1116 2105; x_wconf 88' lang='lat' dir='ltr'>antidotis</span> 
     </span>
     <span class='ocr_line' id='line_1_15' title="bbox 102 2151 1115 2249; baseline -0.004 -23"><span class='ocrx_word' id='word_1_94' title='bbox 102 2157 344 2249; x_wconf 66' lang='lat' dir='ltr'>praemunitam</span> <span class='ocrx_word' id='word_1_95' title='bbox 364 2154 548 2239; x_wconf 83' lang='lat' dir='ltr'>lacunaria,</span> <span class='ocrx_word' id='word_1_96' title='bbox 569 2179 641 2247; x_wconf 77' lang='lat' dir='ltr'>qun</span> <span class='ocrx_word' id='word_1_97' title='bbox 665 2167 764 2222; x_wconf 91' lang='lat' dir='ltr'>noctu</span> <span class='ocrx_word' id='word_1_98' title='bbox 787 2161 884 2246; x_wconf 87' lang='lat' dir='ltr'>supe&#39;r</span> <span class='ocrx_word' id='word_1_99' title='bbox 902 2151 1115 2224; x_wconf 88' lang='lat' dir='ltr'>dormientem</span> 
     </span>
     <span class='ocr_line' id='line_1_16' title="bbox 100 2271 1117 2366; baseline 0 -26"><span class='ocrx_word' id='word_1_100' title='bbox 100 2273 203 2344; x_wconf 82' lang='lat' dir='ltr'>lanata</span> <span class='ocrx_word' id='word_1_101' title='bbox 224 2273 376 2343; x_wconf 82' lang='lat' dir='ltr'>machine</span> <span class='ocrx_word' id='word_1_102' title='bbox 399 2271 604 2358; x_wconf 88' lang='lat' dir='ltr'>deciderent,</span> <span class='ocrx_word' id='word_1_103' title='bbox 634 2273 770 2365; x_wconf 85' lang='lat' dir='ltr'>paravit.</span> <span class='ocrx_word' id='word_1_104' title='bbox 792 2275 863 2340; x_wconf 88' lang='lat' dir='ltr'>Hoc</span> <span class='ocrx_word' id='word_1_105' title='bbox 890 2272 1026 2342; x_wconf 89' lang='lat' dir='ltr'>consilio</span> <span class='ocrx_word' id='word_1_106' title='bbox 1057 2297 1117 2366; x_wconf 86' lang='lat' dir='ltr'>per</span> 
     </span>
     <span class='ocr_line' id='line_1_17' title="bbox 100 2389 1117 2487; baseline 0 -25"><span class='ocrx_word' id='word_1_107' title='bbox 100 2393 245 2462; x_wconf 86' lang='lat' dir='ltr'>conscios</span> <span class='ocrx_word' id='word_1_108' title='bbox 262 2417 378 2487; x_wconf 88' lang='lat' dir='ltr'>parum</span> <span class='ocrx_word' id='word_1_109' title='bbox 394 2390 519 2479; x_wconf 89' lang='lat' dir='ltr'>celato,</span> <span class='ocrx_word' id='word_1_110' title='bbox 537 2389 700 2460; x_wconf 86' lang='lat' dir='ltr'>solutilem</span> <span class='ocrx_word' id='word_1_111' title='bbox 713 2413 847 2474; x_wconf 87' lang='lat' dir='ltr'>navem,</span> <span class='ocrx_word' id='word_1_112' title='bbox 864 2393 956 2483; x_wconf 90' lang='lat' dir='ltr'>cnjus</span> <span class='ocrx_word' id='word_1_113' title='bbox 973 2389 1025 2464; x_wconf 83' lang='lat' dir='ltr'>vel</span> <span class='ocrx_word' id='word_1_114' title='bbox 1041 2415 1117 2462; x_wconf 84' lang='lat' dir='ltr'>nau-</span> 
     </span>
     <span class='ocr_line' id='line_1_18' title="bbox 99 2505 1116 2606; baseline -0.001 -26"><span class='ocrx_word' id='word_1_115' title='bbox 99 2513 199 2606; x_wconf 79' lang='lat' dir='ltr'>fragio</span> <span class='ocrx_word' id='word_1_116' title='bbox 218 2509 271 2580; x_wconf 86' lang='lat' dir='ltr'>vel</span> <span class='ocrx_word' id='word_1_117' title='bbox 290 2505 425 2580; x_wconf 74' lang='lat' dir='ltr'>mmerce</span> <span class='ocrx_word' id='word_1_118' title='bbox 443 2511 538 2578; x_wconf 89' lang='lat' dir='ltr'>ruina</span> <span class='ocrx_word' id='word_1_119' title='bbox 555 2509 692 2603; x_wconf 88' lang='lat' dir='ltr'>periret,</span> <span class='ocrx_word' id='word_1_120' title='bbox 709 2523 911 2578; x_wconf 87' lang='lat' dir='ltr'>commentus</span> <span class='ocrx_word' id='word_1_121' title='bbox 928 2525 987 2578; x_wconf 89' lang='lat' dir='ltr'>est.</span> <span class='ocrx_word' id='word_1_122' title='bbox 1008 2515 1116 2604; x_wconf 82' lang='lat' dir='ltr'>Atque</span> 
     </span>
     <span class='ocr_line' id='line_1_19' title="bbox 98 2610 1116 2720; baseline 0 -24"><span class='ocrx_word' id='word_1_123' title='bbox 98 2631 142 2699; x_wconf 86' lang='lat' dir='ltr'>ita</span> <span class='ocrx_word' id='word_1_124' title='bbox 158 2626 424 2700; x_wconf 88' lang='lat' dir='ltr'>reconciliatione</span> <span class='ocrx_word' id='word_1_125' title='bbox 441 2627 610 2713; x_wconf 88' lang='lat' dir='ltr'>simulata,</span> <span class='ocrx_word' id='word_1_126' title='bbox 629 2627 873 2720; x_wconf 88' lang='lat' dir='ltr'>jucundissimis</span> <span class='ocrx_word' id='word_1_127' title='bbox 890 2610 1006 2699; x_wconf 86' lang='lat' dir='ltr'>litteris</span> <span class='ocrx_word' id='word_1_128' title='bbox 1022 2630 1116 2696; x_wconf 87' lang='lat' dir='ltr'>Baias</span> 
     </span>
     <span class='ocr_line' id='line_1_20' title="bbox 98 2743 1115 2838; baseline -0.001 -23"><span class='ocrx_word' id='word_1_129' title='bbox 98 2751 243 2819; x_wconf 79' lang='lat' dir='ltr'>evocavit</span> <span class='ocrx_word' id='word_1_130' title='bbox 256 2747 299 2817; x_wconf 92' lang='lat' dir='ltr'>ad</span> <span class='ocrx_word' id='word_1_131' title='bbox 314 2746 483 2816; x_wconf 88' lang='lat' dir='ltr'>sollemnia</span> <span class='ocrx_word' id='word_1_132' title='bbox 501 2747 770 2838; x_wconf 87' lang='lat' dir='ltr'>Quinquatruum</span> <span class='ocrx_word' id='word_1_133' title='bbox 789 2743 886 2812; x_wconf 86' lang='lat' dir='ltr'>simul</span> <span class='ocrx_word' id='word_1_134' title='bbox 900 2743 1115 2829; x_wconf 88' lang='lat' dir='ltr'>celebranda;</span> 
     </span>
     <span class='ocr_line' id='line_1_21' title="bbox 97 2861 1115 2968; baseline -0.006 -30"><span class='ocrx_word' id='word_1_135' title='bbox 97 2867 236 2962; x_wconf 76' lang='lat' dir='ltr'>dstoqne</span> <span class='ocrx_word' id='word_1_136' title='bbox 246 2869 380 2960; x_wconf 84' lang='lat' dir='ltr'>negotio</span> <span class='ocrx_word' id='word_1_137' title='bbox 390 2865 655 2956; x_wconf 89' lang='lat' dir='ltr'>trierarcbis,qui</span> <span class='ocrx_word' id='word_1_138' title='bbox 673 2861 884 2968; x_wconf 88' lang='lat' dir='ltr'>liburnicam,</span> <span class='ocrx_word' id='word_1_139' title='bbox 904 2885 967 2954; x_wconf 83' lang='lat' dir='ltr'>quc</span> <span class='ocrx_word' id='word_1_140' title='bbox 978 2862 1115 2932; x_wconf 83' lang='lat' dir='ltr'>advecta</span> 
     </span>
     <span class='ocr_line' id='line_1_22' title="bbox 97 2979 1117 3072; baseline -0.004 -20"><span class='ocrx_word' id='word_1_141' title='bbox 97 3002 186 3070; x_wconf 87' lang='lat' dir='ltr'>erat,</span> <span class='ocrx_word' id='word_1_142' title='bbox 218 2983 308 3054; x_wconf 86' lang='lat' dir='ltr'>velut</span> <span class='ocrx_word' id='word_1_143' title='bbox 329 2984 463 3052; x_wconf 89' lang='lat' dir='ltr'>fortuito</span> <span class='ocrx_word' id='word_1_144' title='bbox 484 3006 644 3051; x_wconf 88' lang='lat' dir='ltr'>concursu</span> <span class='ocrx_word' id='word_1_145' title='bbox 669 2979 932 3072; x_wconf 84' lang='lat' dir='ltr'>confringerent,</span> <span class='ocrx_word' id='word_1_146' title='bbox 957 2983 1117 3072; x_wconf 88' lang='lat' dir='ltr'>protraxit</span> 
     </span>
     <span class='ocr_line' id='line_1_23' title="bbox 96 3096 1116 3196; baseline -0.003 -24"><span class='ocrx_word' id='word_1_147' title='bbox 96 3106 292 3174; x_wconf 82' lang='lat' dir='ltr'>convivium.</span> <span class='ocrx_word' id='word_1_148' title='bbox 309 3102 545 3196; x_wconf 86' lang='lat' dir='ltr'>Repetentique</span> <span class='ocrx_word' id='word_1_149' title='bbox 560 3097 694 3186; x_wconf 88' lang='lat' dir='ltr'>Baulos,</span> <span class='ocrx_word' id='word_1_150' title='bbox 711 3101 744 3166; x_wconf 92' lang='lat' dir='ltr'>in</span> <span class='ocrx_word' id='word_1_151' title='bbox 770 3096 877 3167; x_wconf 88' lang='lat' dir='ltr'>locum</span> <span class='ocrx_word' id='word_1_152' title='bbox 896 3102 1040 3193; x_wconf 89' lang='lat' dir='ltr'>corrupti</span> <span class='ocrx_word' id='word_1_153' title='bbox 1057 3125 1116 3169; x_wconf 88' lang='lat' dir='ltr'>na-</span> 
     </span>
     <span class='ocr_line' id='line_1_24' title="bbox 95 3216 1117 3317; baseline -0.003 -26"><span class='ocrx_word' id='word_1_154' title='bbox 95 3224 194 3317; x_wconf 79' lang='lat' dir='ltr'>uigii,</span> <span class='ocrx_word' id='word_1_155' title='bbox 213 3223 438 3291; x_wconf 87' lang='lat' dir='ltr'>machinosum</span> <span class='ocrx_word' id='word_1_156' title='bbox 457 3217 540 3290; x_wconf 90' lang='lat' dir='ltr'>illud</span> <span class='ocrx_word' id='word_1_157' title='bbox 559 3216 699 3303; x_wconf 85' lang='lat' dir='ltr'>obtulit,</span> <span class='ocrx_word' id='word_1_158' title='bbox 716 3216 820 3286; x_wconf 89' lang='lat' dir='ltr'>hilare</span> <span class='ocrx_word' id='word_1_159' title='bbox 837 3232 1050 3310; x_wconf 85' lang='lat' dir='ltr'>prosecutus:</span> <span class='ocrx_word' id='word_1_160' title='bbox 1070 3235 1117 3288; x_wconf 87' lang='lat' dir='ltr'>at-</span> 
     </span>
     <span class='ocr_line' id='line_1_25' title="bbox 96 3333 1116 3434; baseline -0.005 -25"><span class='ocrx_word' id='word_1_161' title='bbox 96 3344 213 3433; x_wconf 87' lang='lat' dir='ltr'>quein</span> <span class='ocrx_word' id='word_1_162' title='bbox 235 3341 383 3434; x_wconf 76' lang='lat' dir='ltr'>digressu</span> <span class='ocrx_word' id='word_1_163' title='bbox 402 3336 538 3434; x_wconf 87' lang='lat' dir='ltr'>papillas</span> <span class='ocrx_word' id='word_1_164' title='bbox 558 3359 690 3429; x_wconf 88' lang='lat' dir='ltr'>quoque</span> <span class='ocrx_word' id='word_1_165' title='bbox 712 3333 933 3422; x_wconf 83' lang='lat' dir='ltr'>exosculatus,</span> <span class='ocrx_word' id='word_1_166' title='bbox 955 3335 1116 3428; x_wconf 88' lang='lat' dir='ltr'>reliquum</span> 
     </span>
     <span class='ocr_line' id='line_1_26' title="bbox 95 3451 1116 3554; baseline -0.004 -28"><span class='ocrx_word' id='word_1_167' title='bbox 95 3461 251 3554; x_wconf 86' lang='lat' dir='ltr'>temporis</span> <span class='ocrx_word' id='word_1_168' title='bbox 276 3483 351 3528; x_wconf 89' lang='lat' dir='ltr'>cum</span> <span class='ocrx_word' id='word_1_169' title='bbox 374 3480 493 3551; x_wconf 87' lang='lat' dir='ltr'>magna</span> <span class='ocrx_word' id='word_1_170' title='bbox 513 3453 731 3548; x_wconf 88' lang='lat' dir='ltr'>trepidatione</span> <span class='ocrx_word' id='word_1_171' title='bbox 752 3451 918 3545; x_wconf 87' lang='lat' dir='ltr'>vigilavit,</span> <span class='ocrx_word' id='word_1_172' title='bbox 936 3469 1116 3547; x_wconf 82' lang='lat' dir='ltr'>coeptorum</span> 
     </span>
     <span class='ocr_line' id='line_1_27' title="bbox 94 3571 1117 3670; baseline -0.004 -26"><span class='ocrx_word' id='word_1_173' title='bbox 94 3579 271 3670; x_wconf 87' lang='lat' dir='ltr'>opperiens</span> <span class='ocrx_word' id='word_1_174' title='bbox 287 3577 420 3645; x_wconf 78' lang='lat' dir='ltr'>exitum.</span> <span class='ocrx_word' id='word_1_175' title='bbox 437 3574 501 3643; x_wconf 87' lang='lat' dir='ltr'>Sed</span> <span class='ocrx_word' id='word_1_176' title='bbox 520 3589 557 3640; x_wconf 93' lang='lat' dir='ltr'>ut</span> <span class='ocrx_word' id='word_1_177' title='bbox 570 3571 696 3640; x_wconf 86' lang='lat' dir='ltr'>diversa</span> <span class='ocrx_word' id='word_1_178' title='bbox 711 3572 840 3658; x_wconf 84' lang='lat' dir='ltr'>omnia,</span> <span class='ocrx_word' id='word_1_179' title='bbox 858 3571 1032 3664; x_wconf 90' lang='lat' dir='ltr'>nandoque</span> <span class='ocrx_word' id='word_1_180' title='bbox 1044 3597 1117 3640; x_wconf 89' lang='lat' dir='ltr'>eva-</span> 
     </span>
     <span class='ocr_line' id='line_1_28' title="bbox 95 3688 1117 3788; baseline -0.004 -26"><span class='ocrx_word' id='word_1_181' title='bbox 95 3697 175 3764; x_wconf 90' lang='lat' dir='ltr'>sisse</span> <span class='ocrx_word' id='word_1_182' title='bbox 190 3719 280 3783; x_wconf 90' lang='lat' dir='ltr'>eam,</span> <span class='ocrx_word' id='word_1_183' title='bbox 297 3695 476 3788; x_wconf 89' lang='lat' dir='ltr'>comperit,</span> <span class='ocrx_word' id='word_1_184' title='bbox 495 3695 591 3786; x_wconf 90' lang='lat' dir='ltr'>inops</span> <span class='ocrx_word' id='word_1_185' title='bbox 607 3688 754 3776; x_wconf 89' lang='lat' dir='ltr'>consilii,</span> <span class='ocrx_word' id='word_1_186' title='bbox 772 3693 809 3758; x_wconf 93' lang='lat' dir='ltr'>L.</span> <span class='ocrx_word' id='word_1_187' title='bbox 826 3691 1005 3782; x_wconf 88' lang='lat' dir='ltr'>Agerinum</span> <span class='ocrx_word' id='word_1_188' title='bbox 1020 3688 1117 3758; x_wconf 89' lang='lat' dir='ltr'>liber·</span> 
     </span>
     <span class='ocr_line' id='line_1_29' title="bbox 93 3806 1116 3907; baseline -0.008 -26"><span class='ocrx_word' id='word_1_189' title='bbox 93 3829 169 3882; x_wconf 89' lang='lat' dir='ltr'>tum</span> <span class='ocrx_word' id='word_1_190' title='bbox 181 3815 266 3907; x_wconf 77' lang='lat' dir='ltr'>ejus,</span> <span class='ocrx_word' id='word_1_191' title='bbox 279 3811 399 3881; x_wconf 87' lang='lat' dir='ltr'>salvam</span> <span class='ocrx_word' id='word_1_192' title='bbox 412 3827 444 3880; x_wconf 90' lang='lat' dir='ltr'>et</span> <span class='ocrx_word' id='word_1_193' title='bbox 455 3810 651 3880; x_wconf 90' lang='lat' dir='ltr'>incolumem</span> <span class='ocrx_word' id='word_1_194' title='bbox 665 3833 740 3878; x_wconf 88' lang='lat' dir='ltr'>cum</span> <span class='ocrx_word' id='word_1_195' title='bbox 756 3806 875 3902; x_wconf 86' lang='lat' dir='ltr'>gaudio</span> <span class='ocrx_word' id='word_1_196' title='bbox 892 3807 1116 3888; x_wconf 89' lang='lat' dir='ltr'>nunciantem,</span> 
     </span>
     <span class='ocr_line' id='line_1_30' title="bbox 91 3925 1118 4026; baseline -0.009 -26"><span class='ocrx_word' id='word_1_197' title='bbox 91 3933 222 4025; x_wconf 88' lang='lat' dir='ltr'>abjecto</span> <span class='ocrx_word' id='word_1_198' title='bbox 242 3934 326 4003; x_wconf 88' lang='lat' dir='ltr'>clam</span> <span class='ocrx_word' id='word_1_199' title='bbox 343 3934 438 4025; x_wconf 85' lang='lat' dir='ltr'>juxta</span> <span class='ocrx_word' id='word_1_200' title='bbox 456 3933 618 4026; x_wconf 83' lang='lat' dir='ltr'>pugione,</span> <span class='ocrx_word' id='word_1_201' title='bbox 632 3943 668 3998; x_wconf 91' lang='lat' dir='ltr'>nt</span> <span class='ocrx_word' id='word_1_202' title='bbox 685 3951 906 4022; x_wconf 89' lang='lat' dir='ltr'>percussorem</span> <span class='ocrx_word' id='word_1_203' title='bbox 927 3925 987 3993; x_wconf 86' lang='lat' dir='ltr'>sibi</span> <span class='ocrx_word' id='word_1_204' title='bbox 1007 3925 1118 3992; x_wconf 89' lang='lat' dir='ltr'>subcr-</span> 
     </span>
     <span class='ocr_line' id='line_1_31' title="bbox 94 4043 1117 4145; baseline -0.006 -28"><span class='ocrx_word' id='word_1_205' title='bbox 94 4066 211 4120; x_wconf 89' lang='lat' dir='ltr'>natum</span> <span class='ocrx_word' id='word_1_206' title='bbox 236 4053 337 4145; x_wconf 89' lang='lat' dir='ltr'>arripi</span> <span class='ocrx_word' id='word_1_207' title='bbox 363 4051 606 4144; x_wconf 89' lang='lat' dir='ltr'>constringique</span> <span class='ocrx_word' id='word_1_208' title='bbox 627 4049 741 4142; x_wconf 88' lang='lat' dir='ltr'>jussit,</span> <span class='ocrx_word' id='word_1_209' title='bbox 766 4059 967 4135; x_wconf 88' lang='lat' dir='ltr'>matremque</span> <span class='ocrx_word' id='word_1_210' title='bbox 993 4043 1117 4131; x_wconf 83' lang='lat' dir='ltr'>occidi3</span> 
     </span>
    </p>
   </div>
   <div class='ocr_carea' id='block_1_2' title="bbox 0 0 1554 5446">
    <p class='ocr_par' dir='ltr' id='par_1_3' title="bbox 0 0 1554 5446">
     <span class='ocr_line' id='line_1_32' title="bbox 0 0 1554 5446; baseline 0 5"><span class='ocrx_word' id='word_1_211' title='bbox 0 0 1554 5446; x_wconf 95' lang='lat' dir='ltr'> </span> 
     </span>
    </p>
   </div>
  </div>
 </body>
</html>
