3168 5440
436 576 473 628 7⁰
843 555 873 610 C.
895 552 1073 612 SUETONII

435 703 517 750 uum
534 678 755 764 laticlauium,
777 694 814 752 et,
829 677 1062 749 centurionem
1084 703 1090 746 :
1112 678 1170 771 qui
1192 702 1247 757 se,
1267 701 1335 771 quo
1352 672 1474 746 facilius

434 814 582 894 expertes
599 797 705 895 cnlpae
726 798 959 886 ostenderent,
980 796 1165 894 impudicos
1184 796 1428 892 probaverant3
1446 813 1475 866 et
1562 849 1563 872 ,

434 921 479 990 ob
503 920 538 990 id
565 945 672 1014 neque
698 919 789 1015 apud
814 919 951 1009 ducem,
971 943 1080 1012 neque
1103 917 1192 1012 'apud
1216 917 1358 1004 milites,
1379 915 1476 986 ullius

434 1041 596 1112 momenti
614 1065 684 1112 esse
702 1041 860 1135 potuisse.
1328 1109 1332 1116 ,

481 1165 542 1234 xl.
560 1166 641 1234 Erat
655 1175 766 1234 eutem
781 1186 850 1232 non
871 1159 978 1230 solum
999 1185 1142 1255 magne,
1160 1159 1334 1230 sedetiam
1352 1156 1476 1228 callide·

434 1267 681 1378 inopinataeque
694 1283 836 1353 sevitie.
854 1285 1010 1362 rictorem
1024 1305 1245 1368 summarum,
1258 1279 1365 1374 pridie
1379 1304 1476 1373 quam

433 1405 526 1474 eruci
538 1403 669 1498 figeret,
679 1405 715 1472 in
729 1401 922 1472 cubiculum
935 1402 1081 1488 vocavit,
1095 1399 1240 1475 assidere
1254 1401 1288 1470 in
1301 1415 1378 1472 toro
1385 1399 1477 1494 juxta

434 1525 558 1624 coegit,
580 1548 735 1596 securum
754 1522 960 1617 hilaremque
976 1523 1122 1610 dimisit,
1148 1521 1298 1616 pertibus
1317 1521 1419 1590 etiarn
1440 1519 1478 1590 de

437 1667 531 1714 coena
549 1643 707 1738 dignutus
728 1659 789 1716 est.
810 1645 1003 1716 Arretinum
1024 1640 1229 1716 Clementem
1253 1640 1476 1729 consularem,

434 1789 541 1836 uuum
552 1762 800 1835 clamiliaribus
814 1779 848 1834 et
862 1763 1040 1835 emissariis
1051 1764 1135 1848 suis,
1150 1763 1269 1857 cepitis
1282 1761 1478 1836 condemna·

437 1901 552 1972 turus,
565 1887 600 1956 iu
614 1885 742 1975 eadem,
757 1884 919 1956 ueletiam
931 1887 968 1956 in
980 1885 1105 1979 majore
1116 1885 1359 1980 gratiehabuit,
1370 1883 1476 1978 quoad
1562 1979 1563 1984 ἵ

436 2007 614 2078 novissime
625 2005 723 2078 simul
735 2008 1085 2102 gestenti‚conspecto
1097 2004 1246 2076 delatore
1254 2006 1343 2100 ejus,
1356 2007 1477 2094 «Vis»
1562 1989 1563 1992 ¹

436 2127 564 2221 inquit,
576 2156 595 2194 e
607 2128 699 2198 hunc
711 2128 952 2222 nequissimum
970 2151 1102 2198 servum
1118 2151 1191 2212 cras
1209 2125 1393 2200 audiamus.
1407 2158 1425 2196 s
1439 2132 1477 2198 Et

436 2271 507 2341 quo
532 2247 733 2318 contemtius
762 2247 958 2318 abuteretur
983 2248 1141 2342 patientia
1170 2247 1364 2334 hominurn,
1392 2274 1476 2319 unn-

436 2393 537 2462 qunm
561 2371 742 2440 tristiorem
768 2371 965 2442 sententiam
993 2371 1064 2440 sine
1087 2369 1278 2462 praelatione
1297 2367 1478 2440 clementie

435 2491 667 2586 pronuntiavit
692 2505 764 2560 :ut
790 2515 858 2560 non
878 2489 971 2560 aliud
990 2493 1055 2584 jam
1081 2491 1204 2562 certius
1230 2491 1351 2560 atrocis
1376 2493 1478 2562 esitus

437 2613 572 2707 signum
589 2625 689 2698 esset,
704 2635 804 2706 quern
820 2612 979 2710 principis
997 2609 1125 2684 lenitas.
1142 2609 1315 2700 Quosdam
1330 2613 1478 2706 mejesta-

434 2735 477 2804 tis
507 2757 582 2802 reos
610 2735 644 2804 in
673 2733 812 2804 Curiam
839 2731 1047 2802 induxerat:
1073 2747 1233 2825 etqnum
1262 2731 1479 2826 predixisset,

435 2868 682 2948 «experturum
698 2876 733 2924 se
749 2851 807 2922 illa
824 2851 896 2938 die,
913 2875 1013 2946 quam
1031 2877 1129 2922 carus
1147 2853 1276 2920 senatui
1290 2867 1388 2942 esset,
1401 2882 1420 2920 s
1436 2853 1480 2924 sa·

434 2970 497 3044 cile
514 2973 714 3067 perfecerat,
733 2987 772 3042 ut
794 2974 894 3044 etium
920 2995 1015 3045 more
1037 2973 1201 3065 majorum
1221 2971 1383 3066 puniendi
1400 2999 1480 3044 con-

434 3094 698 3164 demnarentur:
720 3093 858 3182 deinde,
880 3095 1056 3164 atrocitate
1083 3117 1177 3187 paene
1199 3094 1423 3182 conterritus,
1441 3093 1481 3162 ad

434 3213 620 3286 leniendam
637 3214 797 3286 invidiam
815 3215 1020 3302 intercessit,
1039 3215 1091 3286 his
1108 3215 1220 3312 'verbis
1236 3215 1369 3309 (neque
1392 3217 1482 3284 enim

434 3334 476 3406 ab
500 3358 538 3403 re
555 3332 657 3404 fuerit
675 3335 746 3428 ipse
764 3333 1007 3430 cognoscere):
1025 3335 1251 3420 «Permittite,
1270 3348 1385 3428 patres
1403 3359 1483 3406 con-

350 3529 354 3536 ,
433 3455 566 3548 scripti,
582 3455 738 3548 epietete
754 3469 863 3524 vestra
879 3457 1069 3550 impetrari,
1083 3453 1174 3549 quod
1190 3456 1260 3526 scio
1274 3479 1327 3526 me
1339 3455 1486 3526 difficul-

435 3590 487 3644 ter
496 3575 772 3670 impetraturum,
792 3590 830 3644 ut
842 3575 1158 3648 damnattsliberum
1174 3577 1291 3646 mortis
1302 3577 1484 3648 arbitrium

435 3696 644 3793 indulgeatis.
657 3699 741 3768 Nam
759 3712 792 3768 et
803 3700 945 3792 parcetis
959 3697 1065 3768 oculis
1082 3698 1220 3784 vestris,
1239 3711 1274 3766 et
1291 3696 1484 3794 intelligent

434 3843 487 3890 me
504 3843 620 3889 omnes
635 3820 764 3888 senatui
785 3819 1016 3890 interfuisse.»

483 3941 560 4009 XII.
582 3940 772 4012 Exhaustus
791 3965 932 4035 operum
959 3965 997 4010 uc
1023 3963 1198 4037 munerum
1226 3941 1404 4033 impensis,
1427 3940 1487 4010 sti·

437 4059 642 4155 peudioque,
663 4061 753 4156 qnod
773 4060 953 4156 adjecerat,
984 4061 1126 4130 tentavit
1145 4059 1300 4154 quidem,
1324 4058 1370 4128 ad
1402 4059 1490 4130 rele-

439 4179 562 4250 vandos
593 4197 774 4252 castrenses
807 4199 956 4270 sumtus,
986 4180 1128 4251 militnm
1161 4204 1337 4250 numerum
1373 4179 1490 4252 demi·
1562 4187 1563 4190 ’
