3164 5442
455 575 495 629 IN
516 575 600 630 OCT.
621 574 843 630 AUGUSTUM.
1115 575 1167 646 ¹95

166 693 328 758 todesdtsoe.
344 692 369 746 Δ
383 689 537 747 duodecim
556 690 609 748 diis
622 690 794 762 musonius,
811 689 862 765 qui
875 690 1005 765 geniales
1022 689 1091 746 dicti
1104 703 1170 746 sunt

129 779 209 854 quod
227 799 290 837 cum
305 783 378 839 Jove
396 801 498 840 mensae
511 784 689 840 accumbant.

171 875 319 929 Omatum.
340 875 432 932 lntell.
454 875 556 932 habitu
573 875 730 952 Apollinis,
750 893 810 952 quo
832 883 910 931 satus
925 877 1071 950 Augustus
1090 873 1169 929 dice-

127 967 219 1022 hatur.
232 967 338 1023 Noster
355 987 466 1025 causam
479 969 567 1026 refert
580 987 642 1043 cap.
657 987 734 1024 xciv.

169 1059 284 1115 ΜαΙΙία.
300 1060 372 1131 Quis
389 1080 461 1118 voce
484 1061 532 1118 illa
554 1060 729 1140 significetur
743 1061 884 1121 incertum
899 1081 907 1116 t
921 1071 988 1117 sunt
1008 1059 1059 1136 qui
1076 1079 1169 1116 arcem

127 1151 309 1226 capitolinam
325 1152 365 1210 sic
379 1153 521 1230 designari
528 1165 645 1230 putent;
661 1154 742 1230 quod
756 1152 956 1210 confirmatum
971 1152 1086 1209 ridetur
1099 1171 1170 1207 voce

126 1257 219 1312 toros,
241 1244 259 1300 i.
284 1263 308 1302 e.
330 1245 490 1322 pulvinaria
511 1266 575 1322 quae
595 1247 708 1322 Jupiter
724 1242 850 1304 habebat
871 1245 901 1302 in
926 1245 1077 1322 Capitolio.
1098 1247 1170 1302 Cum

126 1337 167 1392 (t.
182 1339 261 1394 Hace
274 1357 335 1395 nou
357 1339 491 1396 seminam
509 1339 560 1397 sed
577 1340 696 1398 domum
716 1339 862 1418 intelligo,
883 1339 990 1416 inqua
1010 1349 1099 1396 coetus
1118 1336 1169 1394 iste

124 1430 238 1489 habitus
252 1443 302 1488 est.

167 1523 269 1580 Coenat
289 1525 442 1582 adulteria.
468 1525 544 1598 Quia
571 1537 707 1584 nontam
730 1529 767 1585 ad
789 1520 887 1603 epulas
907 1545 993 1602 quam
1016 1525 1054 1582 ad
1072 1537 1170 1602 stupra

126 1628 320 1675 convenerant
329 1637 337 1674 z
347 1617 387 1674 sic
401 1617 480 1694 apud
495 1620 627 1691 Tertull,
641 1623 748 1695 Apol,
763 1639 825 1695 cap.
840 1639 947 1690 xxxix,
962 1637 1074 1674 coenare
1086 1619 1171 1673 disci·

121 1710 244 1786 plilium.

165 1802 360 1863 Declinamnt.
374 1805 412 1864 Η.
431 1824 456 1863 e.
472 1815 562 1866 terras
574 1805 761 1882 reliquerunt.

169 1895 264 1954 Toros.
279 1900 324 1955 Sc.
340 1910 440 1956 aurata
452 1896 628 1974 pulvinaria3
646 1898 714 1956 vide
731 1897 762 1954 iu
781 1917 844 1956 voc.
865 1898 984 1954 Mallia.

167 1993 204 2046 In
214 2003 302 2065 parte
315 1993 398 2049 urbii.
413 1995 483 2064 Quae
496 1991 612 2050 videtur
624 1989 711 2049 fuime
725 1991 862 2048 Suburm.
877 1993 977 2063 Mart,
991 2010 1035 2062 u,
1053 2009 1085 2060 ¹7
1100 2010 1106 2044 :

234 2164 349 2216 Tonstrix
360 2164 471 2216 Suburru
483 2163 593 2216 faucibus
605 2163 779 2234 sodet'primis‚

233 2251 339 2300 Cruems
349 2248 455 2316 pendent
466 2265 513 2316 qus
524 2248 617 2316 flagella
629 2257 755 2301 tortorum.

162 2415 299 2472 Perdidit.
315 2396 391 2473 Vide
403 2435 482 2492 sup,
499 2435 558 2473 xri.

167 2521 234 2577 ca».
257 2523 367 2579 LXXI.
380 2525 565 2580 [ornamento
581 2523 667 2598 regio.
690 2525 726 2580 Η.
748 2542 772 2580 e.
793 2541 892 2597 regum
920 2524 1170 2582 alexandrinorum

123 2612 307 2687 supellectile.

166 2707 265 2762 Hoesit.
280 2707 347 2764 Scil.
360 2707 422 2764 illas
434 2708 560 2765 refutare
573 2727 634 2765 non
650 2709 755 2784 potuit.

167 2802 319 2858 Decembri
329 2821 434 2859 mense.
454 2805 541 2876 Quo,
558 2813 620 2860 test.
635 2805 750 2876 Senem,
765 2805 857 2879 Epist.
873 2823 967 2874 xviii,
978 2805 1030 2875 jus
1048 2809 1171 2861 luxuum

122 2895 238 2969 publice
256 2893 355 2952 datum
372 2907 429 2968 est,
442 2897 656 2973 praesertimque
671 2897 751 2955 ludo.
766 2897 903 2969 Martini,
919 2917 965 2968 iv,
983 2906 1033 2966 it,
1048 2917 1063 2968 7
1080 2918 1087 2952 :

268 3069 330 3118 llum
342 3068 433 3121 blanda
442 3085 513 3136 ragin
524 3071 575 3122 eles
586 3071 716 3138 december
833 3144 837 3148 .

266 3153 366 3204 lacertis
377 3164 445 3207 sonat
454 3155 512 3208 ltiuc
525 3166 550 3208 et
563 3157 621 3210 hinc
630 3157 724 3208 fritillis

165 3336 259 3392 Fertis
272 3337 462 3413 profestisque
474 3339 583 3394 diebus.
601 3340 723 3394 Docent,
742 3339 887 3407 Macron,
912 3340 970 3394 Sat.
990 3359 1014 3408 i,
1039 3340 1172 3412 163sesei

123 3430 180 3487 diis
193 3428 281 3488 dicati
289 3439 385 3500 erant3
397 3431 522 3505 profesti
531 3429 710 3503 homiuibus,
718 3431 758 3486 ob
772 3429 1025 3490 administrandam
1038 3451 1098 3488 rem
1111 3434 1171 3508 pri·

123 3533 221 3579 vatam
245 3521 450 3598 publicamque
469 3521 604 3579 concessi
634 3523 722 3578 Erant
746 3541 866 3598 quoque
887 3524 1014 3580 absterriti
1018 3565 1028 3594 ,
1050 3525 1169 3582 deorum

123 3615 333 3691 hominumque
353 3634 525 3672 communes.

166 3721 321 3788 Γιροντικῶς.
338 3707 575 3785 Sed-simpliciter
589 3718 619 3765 et
640 3707 841 3767 oblectamenti
860 3729 957 3780 causa,
977 3729 1035 3768 non
1056 3711 1171 3785 cupidi-

123 3812 182 3858 tate
195 3801 277 3858 lucri.

169 3895 277 3950 Talis...
292 3894 423 3965 jactatis.
445 3925 486 3940 —
504 3895 633 3968 Quatuor
652 3895 872 3954 occludebatur
893 3908 1018 3968 veteres,
1042 3915 1115 3972 quos
1141 3898 1170 3952 in

123 3988 273 4045 vasculum
290 3987 452 4060 jactabant,
466 3983 609 4046 turriculas
622 3989 745 4064 speciem
758 3999 978 4066 repraesentans,
991 3989 1074 4065 quod
1086 3989 1170 4046 dixe-

124 4079 347 4150 runtfn'tillum.
369 4080 428 4138 Illis
446 4093 574 4157 quattuor
590 4093 673 4140 eram
689 4084 778 4140 latera
799 4083 905 4158 quibus
926 4082 1069 4156 inscripto
1089 4086 1168 4150 unco,

124 4175 218 4240 senio,
240 4174 343 4242 temio,
359 4177 517 4249 quatemio.
1210 4171 1214 4178 „

993 4278 1045 4349 13.
