3138 5438
404 550 422 602 8
815 545 844 598 C.
864 541 1040 599 SUETONll

404 687 538 769 patrum
559 673 842 740 submoveredtur.
868 669 915 736 Ac
937 664 1042 734 nihilo
1065 665 1175 732 minus
1195 689 1385 758 permanere
1409 667 1442 733 iu

404 795 619 887 magistratu,
645 803 678 858 et
698 790 752 882 jus
775 784 884 855 dicere
908 809 1025 872 ausus,
1046 797 1084 852 ut
1109 785 1269 877 comperit
1292 799 1442 876 paratos,

404 914 463 1006 qui
490 912 523 980 vi
551 935 590 979 ac
619 933 794 1006 perarma
823 905 1055 1000 prohiberent,
1082 902 1221 973 dimissis
1250 901 1442 988 lictoribus,

405 1031 595 1124 abjectaque
617 1041 791 1125 pretenta,
815 1025 953 1094 domum
974 1023 1059 1093 clam
1084 1023 1225 1116 refugit,
1245 1047 1307 1116 pro
1330 1023 1444 1091 condi-

405 1152 495 1220 tione
513 1162 700 1242 temporum
719 1147 902 1240 quieturus.
921 1141 1173 1213 Multitudinem
1192 1165 1323 1235 quoque
1338 1140 1442 1210 biduo

405 1282 482 1364 post
508 1282 625 1361 sponte
651 1281 686 1334 et
708 1264 797 1334 ultro
822 1262 1065 1345 confluentem,
1092 1283 1291 1355 operamque
1316 1261 1377 1330 sibi
1406 1261 1441 1328 in

406 1386 577 1457 asserenda
601 1386 761 1480 dignitate
783 1379 1019 1452 tumultuosius
1042 1377 1272 1476 pollicentem,
1294 1404 1442 1475 compes·

406 1508 484 1576 ouit.
501 1504 604 1595 Quod
621 1527 725 1597 quum
746 1516 864 1596 praeter
882 1501 1074 1596 opinionem
1091 1501 1270 1589 evenisset,
1289 1515 1442 1586 mustus,

406 1625 449 1694 ob
469 1622 610 1694 eundem
629 1637 750 1691 coetum
767 1622 919 1712 ¹festinato
938 1635 1087 1708 coactus,
1105 1621 1225 1715 gratias
1243 1621 1273 1689 ei
1295 1645 1352 1714 per
1369 1622 1441 1714 pri·

407 1769 514 1813 mores
528 1745 616 1811 viros
633 1742 701 1835 egit
719 1767 728 1808 ε
746 1743 954 1834 accitumque
971 1742 1006 1809 in
1023 1741 1167 1826 curiam,
1184 1754 1217 1808 et
1230 1737 1443 1833 amplissimis

379 1849 383 1855 ¹
409 1863 516 1931 verbis
528 1860 767 1945 collaudatum,
779 1860 814 1928 in
829 1861 996 1954 integrum
1007 1860 1165 1946 restituit,
1181 1859 1317 1928 inducto
1331 1860 1444 1953 priore

407 1979 548 2050 decreto.

456 2104 571 2176 XVII..
589 2102 722 2172 Recidit
737 2127 852 2173 rursus
870 2105 904 2173 in
922 2103 1095 2172 discrimen
1113 2103 1218 2192 aliud,
1237 2105 1323 2170 inter
1336 2101 1445 2170 socios

409 2219 558 2290 Catilinae
578 2223 786 2310 nominatus,
807 2239 840 2292 et
859 2224 949 2318 apud
966 2227 1111 2294 Novium
1135 2227 1279 2318 Nigrum
1302 2235 1444 2315 quaesto-

383 2331 479 2410 'rem
497 2365 516 2408 a
535 2333 574 2410 L'.
593 2344 704 2411 Vettio
723 2343 853 2436 judice,
873 2360 907 2413 et
928 2347 962 2413 in
984 2359 1099 2413 senatu
1120 2346 1199 2432 aQ.
1219 2343 1321 2414 Curio
1339 2367 1347 2410 :
1365 2343 1445 2427 cui,

309 2514 312 2520 .
409 2459 498 2552 quod
512 2461 638 2555 primus
651 2462 786 2532 consilia
801 2466 1051 2558 conjuratorum
1068 2465 1249 2548 detexerat,
1262 2465 1445 2532 constituta
1548 2537 1552 2546 ,

409 2592 504 2646 erant
524 2579 655 2672 publice
678 2584 820 2676 praemia.
843 2585 966 2652 Curius
988 2609 1006 2651 e
1027 2584 1171 2652 Catilina
1194 2607 1229 2652 se
1251 2583 1446 2677 cognovisse

409 2694 538 2767 dicebat
565 2723 574 2768 ε
601 2703 732 2772 Vettius
761 2705 862 2772 etiam
888 2704 1146 2799 chirographum
1176 2706 1265 2800 ejus,
1294 2703 1448 2777 Catilinae

409 2815 542 2908 datum,
564 2818 790 2914 pollicebatur.
815 2822 855 2892 ld
882 2848 961 2892 vero
984 2827 1094 2894 Caesar
1118 2824 1211 2894 nullo
1237 2824 1335 2894 modo
1360 2823 1448 2894 tole-

409 2937 551 3007 randum
565 2940 769 3027 existimans,
788 2965 906 3034 quum,
920 2944 1097 3038 implorato
1112 2947 1281 3014 Ciceronis
1299 2944 1448 3013 testimo·

409 3059 485 3140 nio,
505 3057 653 3150 quaedam
672 3085 705 3128 se
723 3061 764 3130 de
781 3064 1010 3157 conjuratione
1029 3064 1117 3133 ultro
1134 3064 1175 3134 ad
1193 3089 1268 3134 eum
1289 3065 1449 3136 detulisse

409 3175 590 3266 docuisset,
608 3203 650 3246 ne
665 3181 768 3248 Curio
785 3187 920 3276 praemia
936 3183 1110 3272 darentur,
1126 3185 1256 3254 effecit:
1274 3187 1449 3275 Vettium,

410 3295 602 3388 pignoribus
624 3300 746 3392 captis,
771 3317 804 3371 et
833 3302 963 3398 direpta
990 3302 1190 3398 supellectile
1215 3305 1301 3400 male
1320 3305 1450 3375 mulca-

325 3519 326 3522 ,
410 3428 501 3503 tum,
530 3441 569 3486 ac
599 3443 661 3512 pro
696 3423 810 3491 rostris
841 3424 875 3490 in
912 3425 1070 3493 concione
1101 3449 1192 3518 paene
1224 3425 1448 3520 discerptum,

409 3535 547 3628 conjecit
565 3538 599 3605 in
617 3563 779 3610 carcerem
803 3569 811 3610 :
830 3543 945 3611 eodem
960 3547 1107 3613 Novium
1125 3559 1335 3639 quaestorem,
1353 3541 1447 3638 quod

407 3653 599 3748 compellari
615 3658 704 3753 apud
720 3684 754 3729 se
769 3663 924 3755 majorem
942 3677 1137 3757 potestatem
1151 3689 1264 3759 passus
1280 3680 1370 3734 esset.

376 3875 381 3884 ι
454 3777 580 3872 XVIII.
593 3771 655 3846 'Ex
683 3795 826 3872 praetura
854 3781 1043 3852 ulteriorem
1069 3787 1203 3854 sortitus
1229 3785 1447 3878 Hispaniam,

408 3896 583 3965 retinentes
601 3897 780 3970 creditores
798 3903 986 3972 interventu
1003 3929 1199 3997 sponsorum
1220 3906 1360 3974 removit
1379 3929 1387 3972 ε
1405 3927 1446 3973 ac

409 4037 513 4107 neque
532 4041 643 4107 more,
664 4043 770 4113 neque
787 4023 881 4115 jure,
900 4039 1076 4117 antequam
1093 4025 1270 4119 pmvinciae
1287 4048 1447 4093 ornaren-

410 4148 482 4219 tur,
509 4137 677 4232 profectus
706 4155 755 4209 est
782 4167 790 4208 ε
816 4143 999 4232 incertum,
1029 4159 1163 4214 metune
1188 4143 1324 4238 judicii,
1353 4144 1447 4236 quod
