3208 5430
445 505 501 556 apa
903 485 1016 542 NOTAE

483 595 548 658 Cnrss
563 597 638 654 ΚΝ.
654 597 787 652 Primum.
802 599 836 652 Δ.
851 597 887 652 U.
901 595 978 667 tot,
993 615 1058 652 cnm
1073 599 1104 652 1.
1118 595 1238 653 Antistio
1251 599 1360 654 Vetere.

484 692 648 748 Secundum.
663 693 697 744 A.
712 689 747 746 U.
763 687 834 757 810,
850 705 914 743 cunr
937 689 970 744 L.
986 688 1141 762 Calpurnio
1154 688 1261 745 Pisone.

485 782 676 838 Novissimam.
694 784 729 836 Δ.
743 781 779 836 U.
795 779 866 850 813,
881 797 946 834 curn
966 779 1099 835 Cornelio
1119 781 1242 838 Lentulo
1255 782 1353 836 Cosso.

485 874 612 929 Tertrbnr.
632 874 667 927 Δ.
684 873 720 928 U.
737 869 808 942 811,
822 889 887 926 cum
900 873 1000 925 Marco
1014 869 1128 926 Valerio
1143 873 1268 932 Messala.

483 967 550 1022 Car.
570 967 635 1020 XV.
656 963 837 1018 Continud....
857 974 964 1037 ageret.
988 963 1096 1016 Ernest.
1117 971 1146 1018 et
1163 961 1352 1036 Oudendorp.
1373 963 1467 1020 dicunt

442 1059 585 1114 Neronem
603 1055 727 1116 omisisse
742 1065 864 1110 veterem
883 1071 991 1110 rnorem
1005 1055 1134 1108 continua
1152 1055 1279 1108 emtione
1299 1073 1337 1108 sc.
1361 1056 1466 1110 ardone

442 1147 564 1222 aliquam
581 1165 692 1203 calisam
707 1145 877 1220 perorandi,
890 1145 941 1200 ubi
955 1145 1076 1200 oratoris
1090 1143 1209 1200 artificia
1227 1145 1316 1219 magis
1333 1146 1465 1214 valerent,

441 1258 525 1314 qnam
540 1238 643 1312 judicii
661 1237 776 1303 verine
796 1249 894 1292 contra
913 1237 1078 1310 singillatim
1102 1254 1223 1310 querque
1246 1238 1354 1310 egisse,
1379 1235 1408 1292 b.
1428 1255 1465 1304 e,

441 1331 478 1386 de
492 1330 609 1406 singulis
631 1347 720 1386 causa
738 1328 894 1402 capitibus,
908 1325 1057 1400 productis
1071 1326 1202 1396 testibus,
1215 1326 1330 1395 litteris,
1352 1326 1465 1400 aliisque

438 1422 539 1496 judicii
558 1421 766 1491 instrumentis,
784 1420 870 1495 idque
886 1439 945 1494 per
961 1419 1054 1484 vices,
1071 1429 1194 1493 utraque
1210 1428 1291 1492 parte
1311 1419 1464 1474 alternatim

441 1514 546 1570 audita.

481 1607 643 1660 Numerum.
663 1607 708 1662 Sc.
724 1604 835 1678 legibus
848 1603 1053 1677 prescriptum.

477 1697 647 1771 preposuit.
662 1695 704 1751 Cl'.
718 1697 837 1762 Terin,
855 1697 978 1762 Aranni,
994 1713 1054 1764 ιιι,
1073 1693 1126 1749 ab.

481 1787 594 1844 &iunii
604 1787 701 1842 Rebili.
721 1785 795 1840 Vide
811 1784 841 1838 in
856 1783 945 1850 Creu,
961 1803 1057 1840 nxxvr.

479 1879 642 1953 Dignriani.
657 1879 765 1950 Repete
777 1878 917 1932 nonnullis
934 1894 950 1932 e
963 1877 1156 1949 sequentibus.
1433 1918 1434 1921 ,

479 1971 544 2028 Cer.
568 1971 647 2026 xvt.
670 1970 858 2044 Excogitavit.
882 1971 950 2024 Post
976 1968 1064 2025 Urbis
1085 1967 1257 2026 incendium.
1285 1970 1328 2026 Ci.
1353 1973 1467 2038 Terin,

439 2065 564 2128 Annei,
580 2079 627 2130 xv,
648 2060 693 2124 43.

479 2151 596 2224 Afflicti.
611 2151 722 2206 Primus
737 2152 814 2206 Nero
829 2151 995 2207 christianos
1009 2151 1154 2225 suppliciis
1167 2149 1281 2222 afflixit,
1294 2161 1364 2208 teste
1373 2153 1468 2222 Oros,

438 2263 501 2313 vri,
521 2263 547 2313 7.

479 2333 639 2409 Suppliciis.
654 2335 743 2390 Tacit.
752 2375 761 2404 ‚
778 2338 900 2400 Ariani..
918 2355 964 2404 xv,
982 2343 1016 2402 44
1035 2355 1042 2390 :
1058 2335 1266 2392 «Pereuntibns
1282 2333 1378 2392 addita
1391 2337 1467 2392 ludi·

438 2427 516 2496 bria,
532 2436 564 2481 ut
582 2426 705 2482 serarum
728 2427 813 2502 tergis
833 2427 973 2495 contecti,
994 2426 1101 2482 laniatu
1122 2443 1224 2482 canum
1245 2425 1406 2494 interirent,
1423 2439 1470 2483 aut

439 2517 569 2576 crucibus
586 2516 677 2587 affixi,
704 2529 753 2573 aut
776 2517 955 2587 dammandi,
976 2527 1081 2592 atque,
1100 2517 1153 2573 ubi
1173 2515 1321 2572 deiecisset
1347 2517 1422 2588 dier,
1442 2519 1470 2574 in

440 2627 521 2666 utum
535 2609 669 2665 nocturni
683 2608 797 2664 luminis
811 2619 970 2665 urerentur.
986 2633 998 2658 ι

477 2705 631 2777 ilclegatoe.
648 2701 753 2772 Tacit,
767 2703 873 2756 AnnaI.
881 2741 890 2767 ,
905 2719 978 2772 xnr,
994 2699 1030 2756 25
1047 2699 1226 2758 :miscendi
1239 2703 1350 2776 populo
1369 2713 1471 2780 etgra-

436 2793 524 2850 vioris
534 2805 627 2848 motru
640 2804 765 2863 terrore,
780 2811 839 2848 non
853 2792 930 2848 aliud
944 2792 1098 2850 remedium
1111 2803 1256 2867 repertum
1269 2805 1327 2864 est,
1342 2811 1430 2868 quam
1438 2805 1470 2850 nt

437 2883 586 2942 histriones
601 2883 680 2938 ltalia
698 2885 911 2956 repellerentur.
925 2909 936 2932 ι

479 2977 543 3031 Ωιι.
559 2976 652 3030 XVIl.
675 2976 810 3030 Percurre.
830 2976 866 3030 Η.
885 2994 909 3032 e.
926 2977 1096 3056 perforate.
1112 2977 1189 3032 Paul.
1211 2977 1346 3044 Sentent,
1362 2997 1391 3047 r,
1410 2976 1469 3033 25:

437 3089 452 3118 e
468 3065 662 3138 Amplissimus
676 3065 750 3121 ordo
769 3064 909 3138 decrevit,
932 3085 978 3123 eas
996 3067 1120 3136 tabulas,
1134 3085 1197 3140 quae
1216 3066 1326 3140 publici
1342 3069 1388 3123 vel
1408 3069 1469 3142 pri-

436 3157 494 3213 vati
512 3166 673 3212 contractus
698 3157 867 3230 scripturam
893 3158 1056 3227 continent,
1079 3157 1212 3214 adhibitis
1231 3157 1349 3214 testibus
1371 3157 1412 3214 ita
1428 3160 1467 3214 si·

437 3249 534 3324 gnari,
557 3259 588 3304 ut
608 3249 638 3304 in
659 3267 766 3305 sumina
786 3249 933 3324 marginis,
953 3253 996 3305 ad
1014 3251 1136 3305 mediam
1152 3261 1269 3324 partem
1287 3247 1467 3324 perjirratoe,

437 3339 541 3412 triplici
561 3340 620 3395 lino
642 3340 882 3416 constringuntur,
899 3352 984 3415 atque
1002 3341 1165 3414 impositum
1185 3359 1272 3416 snpra
1293 3340 1383 3396 linum
1400 3359 1468 3396 cera

435 3431 514 3504 signu
529 3431 735 3504 imprimantur,
756 3442 790 3487 nt
811 3431 965 3488 exteriores
984 3432 1130 3505 scripturae
1147 3429 1231 3488 fidem
1253 3430 1384 3487 interiori
1405 3449 1466 3488 ser-

435 3533 511 3579 vent.
527 3523 615 3579 Aliter
627 3525 745 3598 prolata
758 3523 829 3580 nihil
841 3523 979 3579 momentl
990 3523 1104 3580 babent.

477 3615 643 3690 signarunt.
666 3616 702 3671 Η.
720 3633 744 3671 e.
760 3615 893 3686 testibus,
913 3615 964 3688 qni
983 3615 1120 3690 signaturi
1139 3624 1247 3682 essent,
1263 3633 1365 3669 vacuoe
1382 3613 1467 3668 bere·

435 3707 502 3762 dum
515 3707 678 3765 nominibus
691 3709 915 3778 ostenderentur,
924 3727 998 3784 quos
1010 3726 1094 3766 nome
1107 3709 1219 3765 testium
1231 3726 1291 3764 non
1303 3708 1449 3764 intererat.

475 3801 642 3856 Mercedem.
670 3801 776 3857 Contra
801 3802 892 3876 legem
913 3800 1056 3874 Ciuicam,
1079 3801 1115 3858 de
1138 3819 1195 3875 qua
1216 3799 1320 3869 Tacit,
1342 3801 1465 3862 Annei..

434 3909 481 3961 ar,
502 3888 518 3945 5
542 3907 550 3946 e
573 3891 787 3968 «Consurgunt
800 3902 911 3966 patres,
933 3893 1083 3970 legemque
1099 3893 1224 3954 Cinciam
1245 3891 1391 3968 flagitant,
1409 3908 1466 3966 qna

433 3991 549 4036 cavetur
570 3982 726 4056 unuquitns
745 4001 782 4039 ne
807 3983 872 4057 quis
889 3983 929 4040 ob
950 4003 1063 4042 uanum
1081 3984 1216 4040 orandam
1235 3981 1385 4058 peemim
1409 3983 1463 4036 do·

433 4089 538 4127 numve
552 4074 679 4146 accipiat.
692 4098 707 4124 ι
