3138 5438
453 565 481 618 c.
499 563 784 620 sumuscnsun.
1099 575 1134 646 ³9

119 687 272 758 duceretur
292 687 334 754 ad
356 685 502 774 Sullam,
524 689 577 754 vix
599 689 735 780 praemio
758 687 836 758 dato
857 707 1023 781 euaserat,
1043 721 1131 764 nuu-

120 832 198 900 quam
215 831 334 876 nocere
355 808 520 876 sustinuit.
546 805 792 896 Philemonem,
816 834 835 877 a
856 833 955 879 manu
982 837 1133 899 servum,

118 931 162 1021 qui
175 951 282 995 necem
303 953 397 996 suam
415 951 474 1020 per
491 950 655 994 venenum
674 928 813 997 inimicis
832 931 1046 1023 promiserat,
1066 957 1132 1003 non

17 1030 19 1082 l
118 1049 225 1141 grauius
254 1073 355 1142 quam
383 1047 522 1143 simplici
549 1061 655 1116 morte
683 1049 800 1142 puniit.
829 1053 868 1117 Iu
894 1055 929 1120 P.
958 1049 1133 1138 Clodium,

16 1153 18 1194 l
117 1169 257 1261 Pompeiae
275 1171 390 1236 uxoris
408 1191 474 1236 suae
492 1165 699 1254 adulterum,
718 1181 819 1260 atque
837 1167 951 1237 eadem
973 1169 1014 1237 de
1035 1195 1134 1244 causa

15 1358 16 1379 ,
115 1285 298 1378 pollutarum
320 1287 583 1360 caerimoniarum
601 1313 715 1374 reum,
733 1289 826 1358 testis
844 1289 983 1376 citatus,
1002 1295 1134 1384 negavit

116 1431 141 1474 se
154 1405 328 1500 quidquam
349 1407 563 1501 comperisse;
581 1407 731 1500 quamvis
752 1421 785 1476 ct
803 1421 908 1477 mater
926 1408 1080 1496 Aurelia,
1100 1427 1133 1480 et

15 1510 16 1555 l
114 1551 189 1595 soror
206 1526 295 1596 Jutia
307 1580 318 1614 ,
341 1527 432 1620 apud
454 1526 585 1595 eosdem
609 1526 736 1619 judices
759 1529 871 1594 omnia
894 1553 933 1594 ex
956 1527 1020 1596 lide
1042 1545 1132 1599 retu·

113 1643 205 1715 lsseut
219 1673 226 1714 :
242 1649 549 1740 interrogatusque,
567 1671 627 1714 cur
642 1647 744 1740 igitur
759 1645 961 1740 repudiasset
979 1673 1131 1738 uxorem,

112 1769 305 1856 «Quoniam,
323 1769 448 1857 inquit,
467 1791 556 1834 meos
574 1781 641 1834 tam
657 1767 844 1859 suspicione
863 1791 962 1860 quam
979 1769 1131 1859 crimine,

14 1890 16 1964 Ὗ
108 1887 201 1978 judico
218 1913 335 1956 carere
353 1901 515 1980 oportere.
527 1915 544 1950 u
1179 1877 1181 1886 ⁴

146 2011 275 2077 LXXV.
307 2007 570 2076 Moderationem
589 2032 667 2074 vero
687 2006 960 2101 clementiamque
977 2033 1079 2101 quum
1098 2013 1130 2077 in

108 2127 398 2214 administratione,
417 2141 487 2194 tum
507 2129 540 2195 in
562 2129 699 2195 victoria
719 2126 794 2194 belli
814 2127 933 2213 civilis,
953 2127 1130 2197 admirabi-

14 2284 15 2292 .
106 2243 156 2314 lem
179 2247 342 2316 exhibuit.
375 2247 599 2314 Denuntiante
627 2248 806 2339 Pompeio,
834 2266 895 2339 pro
922 2247 1071 2316 hostibus
1098 2273 1131 2316 se

14 2438 15 2456 ,
105 2365 304 2451 habiturum,
330 2367 388 2458 qui
413 2363 603 2457 reipublicae
628 2363 826 2450 defuissent3
855 2365 924 2456 ipse
949 2365 1073 2433 medios
1098 2381 1130 2434 et

103 2489 234 2554 neutrius
253 2487 378 2579 partis,
396 2509 531 2552 suorum
551 2485 612 2552 sibi
632 2509 771 2552 numero
789 2483 919 2551 futuros
935 2487 1131 2576 pronuntia·

14 2646 15 2700 q
103 2607 147 2673 uit.
168 2606 307 2696 Quibus
329 2620 439 2672 autem
463 2630 503 2673 ex
522 2603 807 2673 commendatione
829 2605 975 2695 Pompeii
998 2604 1130 2674 ordines

14 2701 15 2727 ¹
101 2723 237 2813 dederat,
261 2738 463 2819 potestatem
485 2723 677 2793 transeundi
701 2723 742 2791 ad
766 2747 842 2790 eum
867 2724 1021 2790 omnibus
1044 2723 1129 2792 fecit.

99 2847 185 2914 llotis
197 2847 291 2940 apud
306 2843 450 2913 Ilerdam
460 2841 634 2927 deditionis
646 2841 907 2928 conditionibus,
918 2865 1037 2934 quum,
1050 2843 1129 2908 assi-

13 2969 15 3026 l
99 2963 153 3033 duo
170 2968 257 3036 inter
281 2979 444 3056 utrasque
463 2977 571 3055 partes
593 2987 654 3030 usu
678 2977 777 3055 atquc
797 2963 1014 3045 commercio,
1034 2959 1129 3029 Afra-

13 3079 14 3092 *
97 3089 159 3152 nius
173 3111 210 3154 ac
226 3086 386 3154 Petreius
401 3081 621 3176 deprehensos
638 3083 724 3148 intra
740 3095 847 3148 castra
860 3079 1008 3148 Julianos
1023 3081 1129 3148 subita

13 3267 14 3270 ,
96 3207 275 3294 punitentia
294 3202 555 3286 interfecissent,
575 3200 749 3268 admissam
771 3202 804 3267 iu
824 3225 857 3266 sc
874 3198 1044 3292 perfidiam
1062 3224 1128 3268 non

96 3325 237 3392 sustinuit
256 3325 397 3392 imitari.
415 3323 492 3392 Acie
508 3319 695 3390 Pharsalica
710 3318 940 3413 proclamavit,
957 3318 1131 3388 arabibus

93 3459 273 3532 parceretur
301 3469 313 3510 .·
344 3441 563 3534 deincepsque
593 3440 716 3506 nemini
748 3464 814 3506 nou
845 3461 1002 3524 suorum,
1032 3461 1128 3528 quem

14 3599 15 3608 κ
94 3559 174 3631 vellet
192 3589 305 3632 unum
327 3562 433 3656 partis
451 3557 595 3627 advers'ae
614 3583 763 3646 servare,
783 3558 943 3626 concessit
963 3582 971 3622 :
991 3581 1050 3623 nec
1071 3555 1128 3624 ulli

92 3683 199 3769 perisse
223 3684 292 3751 uisi
329 3683 365 3747 in
393 3677 510 3773 proelio
538 3679 767 3772 reperiuntur,
795 3679 937 3771 exceptis
969 3677 1129 3744 duntaxat

92 3799 213 3870 Afranio
232 3817 269 3870 et
290 3805 439 3884 Fausto,
457 3813 488 3866 ct
507 3801 543 3864 L.
564 3799 691 3866 Caesare
706 3799 845 3890 juvene3
864 3823 901 3863 ac
920 3821 960 3863 ne
978 3796 1038 3863 hos
1055 3797 1128 3886 qui-

15 3950 16 3975 r
90 3915 150 3987 dem
161 3921 344 3990 uoluntate
359 3920 463 4012 ipsius
479 3918 692 4010 interemptos
709 3931 828 4009 putant
841 3943 848 3983 :
863 3939 1003 4008 quorum
1018 3929 1127 3983 tamen

89 4053 114 4104 et
138 4043 266 4133 priores
302 4053 382 4132 post
413 4041 619 4129 impetratam
650 4037 778 4102 veniam
809 4032 1069 4118 rebellaverant,
1095 4049 1127 4100 et

89 4161 204 4248 (asar,
234 4159 372 4229 libertis
402 4161 567 4249 servisque
594 4157 664 4247 ejus
692 4153 778 4221 serro
807 4169 838 4221 et
867 4155 932 4246 igni
962 4151 1124 4220 crudelem
