3098 5446
431 584 469 621 no
686 585 701 598 ⁴·
842 563 873 618 C.
896 562 1074 619 SUETONll

431 689 515 760 nibil
530 691 636 784 magis
651 713 713 784 pro
727 688 889 758 concione
906 703 1045 757 testatus
1064 701 1134 772 est,
1149 709 1250 778 quant
1264 713 1281 748 a
1292 684 1324 752 id
1339 684 1453 754 demum

431 838 467 882 se
488 812 703 898 habiturum,
723 809 816 904 quod
834 811 896 879 sibi
916 812 979 904 ipsi
996 808 1248 903 reliquissent.»

476 937 552 1003 Vll.
583 931 715 1003 Deinde
740 947 899 1028 vergente
922 933 992 1026 jam
1021 929 1076 999 die
1109 933 1277 1026 ingressus
1304 948 1456 1016 senatum,

429 1057 602 1149 positaque
628 1054 721 1122 brevi
746 1055 898 1137 ratione,
925 1055 1018 1146 quasi
1052 1068 1168 1148 raptus
1195 1053 1236 1123 de
1265 1053 1407 1148 publico,
1431 1071 1458 1122 et

429 1178 594 1268 suscipere
620 1175 797 1268 imperiu'm
818 1175 851 1242 vi
875 1190 1030 1260 coactus,
1055 1177 1457 1269 gesturusquecommuni

428 1297 579 1364 omnium
598 1296 753 1380 arbitrio,
770 1291 936 1362 Palatium
956 1296 1049 1388 petit.
1070 1297 1236 1390 desuper
1256 1309 1379 1364 ceteras
1396 1321 1460 1390 gra·

429 1415 607 1485 tulantium
625 1414 900 1509 adulantiumque
916 1413 1106 1502 blanditias,
1117 1417 1158 1484 ab
1177 1415 1291 1485 infima
1306 1416 1398 1511 plebe
1412 1443 1461 1511 ap·

428 1535 569 1630 pellatus
581 1541 693 1622 Nem,
708 1534 839 1605 nullum
855 1535 1016 1604 indicium
1032 1539 1215 1606 recusantis
1230 1536 1341 1606 dedit:
1354 1539 1460 1620 immo,

429 1671 467 1727 ut
491 1656 625 1751 quidam
654 1655 881 1744 tradiderunt,
909 1658 1010 1726 etiam
1032 1655 1269 1751 diplomatibus
1290 1659 1462 1752 primisque

428 1777 576 1872 epistolis
590 1780 658 1848 suis
675 1777 718 1846 ad
735 1777 897 1874 quosdam
914 1780 1164 1872 provinciarum
1180 1780 1351 1874 praesides,
1367 1783 1465 1851 Nero·

429 1899 480 1967 nis
495 1925 683 1995 cognomen
700 1899 832 1994 adjecit.
850 1903 949 1970 Certe
967 1915 1000 1969 et
1017 1901 1178 1995 imagines
1194 1915 1387 1996 statuasque
1403 1903 1465 1994 ejus

428 2023 545 2114 reponi
565 2047 679 2116 passus
695 2039 765 2107 est,
787 2037 820 2091 et
837 2035 1071 2115 procuratores
1091 2035 1191 2145 atque
1203 2021 1344 2102 libertos
1361 2022 1402 2090 ad
1417 2046 1464 2088 ea·

428 2141 503 2210 dem
524 2142 632 2212 officia
647 2144 828 2212 revocavit.
843 2146 915 2214 Nec
931 2143 1111 2236 quicquam
1129 2132 1222 2237 prius
1233 2167 1295 2236 pro
1309 2157 1464 2237 potestate

428 2263 645 2358 subscripsit,
666 2290 769 2358 quam
791 2266 1003 2360 quingenties
1029 2265 1216 2334 sestertium
1242 2264 1285 2333 ad
1313 2289 1468 2361 peragen-

428 2383 506 2451 dam
530 2387 673 2453 Auream
702 2384 849 2454 domum.
879 2386 1013 2455 Dicitur
1045 2409 1082 2454 ea
1113 2401 1211 2456 nocte
1240 2411 1302 2480 per
1329 2387 1468 2479 quietem

375 2531 379 2542 ·
428 2505 618 2598 pavefactus
646 2508 789 2601 gemitus
814 2507 976 2575 maximos
1003 2505 1179 2576 edidisse:
1207 2523 1427 2600 repertusque
1452 2529 1468 2571 a

426 2628 702 2696 concursantibus
732 2627 825 2696 humi
856 2641 933 2697 ante
961 2625 1085 2696 lectum
1105 2629 1245 2722 jacens,
1274 2655 1339 2723 per
1365 2627 1471 2696 omnia

427 2747 638 2841 piaculorum
658 2773 779 2844 genera
801 2772 915 2818 manes
933 2748 1070 2836 Galbae,
1091 2773 1110 2818 a
1130 2774 1198 2843 quo
1222 2749 1400 2820 deturbari
1419 2773 1470 2817 es·

427 2866 573 2962 pellique
591 2895 625 2938 se
646 2869 793 2956 viderat,
811 2870 995 2988 propitiare
1014 2884 1187 2939 tentasse:
1207 2871 1374 2964 postridie
1395 2893 1471 2964 quo·

426 3014 491 3080 que
510 2989 545 3056 in
563 2987 761 3084 augurando
782 2980 978 3084 tempestate
998 3005 1071 3058 orta
1090 2991 1237 3084 graviter
1254 2991 1473 3134 prolapsum,

428 3108 609 3179 identidem
627 3109 925 3178 obmurmurasse·
968 3108 991 3134 '⁰

585 3301 618 3352 Τί
634 3303 681 3374 γάρ
699 3322 740 3384 l‘l‘
758 3300 801 3355 ital
821 3304 921 3373 μακροῖς
938 3305 1033 3367 aistolfi

477 3469 569 3537 tht.
588 3469 663 3538 Sub·
677 3468 763 3538 idem
783 3493 863 3538 vero
880 3483 1026 3564 tempus,
1042 3472 1291 3540 Germaniciani
1312 3471 1480 3540 exercitus

427 3589 461 3655 in
474 3588 601 3658 Vitellii
619 3592 719 3660 verba
734 3591 901 3683 jurarant.
918 3591 1019 3679 Quod
1034 3593 1261 3686 utcomperit,
1281 3608 1410 3662 auctor
1438 3613 1483 3658 se-

428 3711 521 3777 natui
546 3709 611 3778 luit
633 3710 803 3782 mittendae
832 3709 1027 3805 legationis,
1049 3736 1124 3804 quae
1151 3711 1304 3794 doceret,
1335 3712 1483 3784 electum

425 3827 494 3919 jam
515 3831 721 3926 principem3
738 3831 883 3924 quietem
899 3845 933 3899 et
951 3831 1164 3902 concordiam
1183 3833 1357 3902 suaderet.
1375 3837 1424 3904 Et
1441 3848 1487 3901 ta·

430 3973 508 4018 men
523 3975 582 4044 per
599 3952 830 4023 internuncios
846 3977 884 4020 uc
901 3951 1050 4034 litteras,
1066 3968 1254 4021 consortem
1271 3955 1415 4049 imperii
1433 3979 1488 4048 ge·

404 4095 408 4104 ·
428 4091 614 4162 uerumque
632 4096 667 4139 se
685 4069 824 4139 Vitellio
840 4069 973 4141 obtulit.
994 4075 1118 4141 Verum
1138 4072 1226 4141 haud
1245 4072 1360 4144 dubio
1377 4071 1485 4154 bello,

425 4185 562 4281 jamque
586 4189 726 4260 ducibus
753 4206 788 4259 et
811 4192 936 4286 copiis,
960 4217 1041 4286 quas
1064 4192 1221 4262 Vitellius
1248 4199 1487 4287 praemiserat,
