3168 5440
275 542 305 596 C.
329 541 511 598 SUETONII
531 542 583 597 DE
605 541 741 597 CLARIS
763 541 1016 600 RHETORIBUS.
1127 559 1162 618 97

126 667 219 734 ruit:
243 666 405 760 multique
427 666 662 760 eampraesidii
683 691 782 735 causa
807 681 841 734 et
861 664 975 761 glorie
994 669 1166 762 appetive-

128 799 217 854 runt.
237 789 357 856 Cicero
373 787 415 855 ad
433 802 612 881 praeturam
631 809 735 880 usque
752 809 857 880 graece
875 784 1100 856 declamavit:
1119 785 1168 856 la·

128 907 195 974 tine
215 931 294 975 vcro
321 909 431 976 senior
451 931 605 1000 quoque,
634 919 667 975 et
689 905 825 1000 quidem
847 905 1039 976 oonsulibus
1057 909 1167 976 Hirtio

127 1041 165 1094 et
176 1030 303 1115 Pansa;
324 1053 408 1120 quos
429 1024 628 1120 discipulos,
645 1040 679 1095 et
698 1024 841 1120 grandes
857 1041 1085 1120 pretextatos,
1107 1052 1167 1096 vo·

126 1147 232 1216 cabat.
245 1147 382 1216 'Coeum
402 1147 596 1240 Pompeium
615 1145 750 1240 quidam
770 1146 919 1214 historici
937 1145 1166 1238 tradiderunt,

125 1267 187 1336 sub
217 1269 326 1361 ipsum
352 1265 449 1335 civile
474 1264 617 1350 bellum,
644 1289 711 1358 quo
739 1263 868 1335 facilius
895 1267 977 1336 Ceio
1006 1268 1177 1356 Curioni,

125 1390 347 1482 promtissime
370 1389 505 1482 juveni,
530 1399 665 1458 causam
686 1388 825 1458 Caesaris
852 1386 1168 1477 defendenti,con·

125 1507 323 1596 tradiccret,
344 1510 501 1602 repetisse
523 1506 731 1578 declamandi
755 1505 1046 1594 consuetudinem
1073 1511 1167 1578 Mar·

125 1654 200 1698 eum
220 1631 422 1714 Antonium,
442 1630 521 1697 item
544 1633 751 1723 Augustum,
770 1651 813 1697 ne
830 1629 1008 1696 mutinensi
1030 1629 1167 1722 quidem

125 1745 213 1816 bello
233 1749 394 1838 omisisse.
414 1749 508 1818 Nero
531 1750 642 1816 Caesar
659 1761 694 1816 et
709 1748 816 1841 primo
833 1747 963 1841 imperii
982 1771 1086 1834 anno,
1102 1773 1167 1842 pu-

128 1867 215 1937 blice
240 1894 374 1964 quoque
400 1869 452 1938 bis
480 1883 599 1956 antea,
626 1868 822 1943 declamavit
848 1868 1027 1962 :plerique
1055 1885 1167 1940 autem

126 2005 297 2059 oratorum
316 1991 418 2058 etiam
436 1987 691 2059 declamationes
706 1988 894 2058 ediderunt.
910 1989 1027 2077 Quare
1047 2015 1170 2084 magno

126 2109 237 2177 studio
257 2109 449 2178 hominibus
467 2110 605 2202 injecto,
625 2131 746 2203 magna
764 2110 863 2177 etiam
886 2109 1112 2202 professorum
1129 2135 1169 2180 ac

127 2225 302 2298 doctorum
319 2228 476 2323 profluxit
495 2229 614 2322 copia,
634 2227 783 2329 adeoque
801 2227 934 2317 floruit,
957 2245 996 2298 ut
1012 2229 1169 2299 nonnulli

127 2374 167 2418 ex
181 2349 296 2418 infima
310 2349 444 2418 fortuna
460 2349 495 2416 in
508 2347 661 2418 ordinem
676 2349 894 2435 senatorium,
909 2363 1009 2442 atque
1023 2349 1065 2418 ad
1079 2375 1169 2420 sum-

126 2495 199 2538 mos
224 2471 367 2538 honores
392 2469 623 2564 processerint.
652 2467 717 2538 Sed
738 2469 824 2536 ratio
847 2467 988 2536 docendi
1013 2494 1074 2538 nec
1100 2495 1168 2542 una

126 2589 301 2678 omnibus,
321 2613 383 2658 nec
399 2587 539 2685 singulis
556 2586 671 2656 eadem
687 2611 817 2680 semper
831 2587 910 2674 fuit,
926 2589 1062 2681 quando
1076 2593 1169 2660 vario

126 2711 228 2780 modo
242 2710 383 2804 quisque
398 2706 578 2802 discipulos
592 2721 822 2776 exercuerunt.
838 2709 926 2777 Nam
941 2722 974 2776 et
987 2706 1076 2777 dic‘ta
1089 2735 1170 2804 prae·

124 2832 233 2920 clarc,
252 2857 316 2926 per
333 2855 447 2901 omnes
465 2829 606 2924 figuras,
622 2853 683 2923 per
702 2853 814 2915 casus,
833 2843 867 2897 ct
881 2827 1056 2923 apologos,
1073 2819 1169 2901 aliter

11 2993 15 3003 v
123 2967 227 3046 atque
250 2949 347 3020 aliter
371 2975 559 3046 exponere,
584 2963 618 3018 ct
642 2949 848 3017 narrationes
871 2963 942 3017 tum
962 2949 1113 3018 breviter.
1135 2967 1171 3020 et

121 3097 256 3166 presse,
276 3085 349 3141 tum
367 3069 466 3139 latius
486 3085 520 3139 et
537 3070 671 3140 uberius
690 3067 856 3163 explicare
876 3084 1077 3138 consuerant
1095 3071 1169 3138 :in-

123 3191 260 3262 tendum
280 3193 475 3260 Graecorum
494 3191 617 3283 scripta
635 3201 845 3275 convertere,
862 3213 901 3258 ac
917 3189 1006 3258 viros
1024 3187 1170 3259 illustres

119 3311 282 3400 laudare,
299 3309 350 3380 vel
373 3311 561 3404 vituperare
581 3307 755 3403 :quadam
775 3307 936 3377 etiamad
959 3334 1056 3380 usum
1077 3335 1169 3379 com·

120 3434 240 3502 munis
253 3432 330 3500 vitae
347 3431 515 3514 instituta,
532 3444 604 3498 tum
621 3426 716 3498 utilia
734 3443 769 3497 et
785 3429 988 3518 necessaria,
1006 3445 1078 3519 tum
1093 3455 1170 3525 per·

118 3553 253 3622 niciosa
272 3564 307 3619 et
331 3573 575 3645 supervacanea
598 3547 773 3618 ostendere
794 3573 802 3617 :
823 3572 908 3643 saepe
929 3547 1049 3618 sabulis
1071 3549 1171 3620 fidem

116 3674 280 3760 firmare,
314 3685 373 3740 aut
399 3671 546 3738 historiis
571 3667 721 3755 demere3
748 3667 839 3762 quod
867 3691 971 3764 genus
996 3647 1110 3748 &iocre
1138 3685 1173 3740 et

115 3784 304 3872 ἇνασκευᾶς
330 3807 363 3861 et
388 3781 584 3867 κατασκευάς
608 3790 716 3860 Graeci
740 3803 892 3858 vocant:
918 3789 1024 3858 donec
1051 3792 1171 3860 sensim

114 3915 196 3985 haec
212 3913 451 3998 exoleverunt,
472 3927 506 3980 et
526 3911 568 3980 ad
584 3911 844 3979 controversiam
864 3924 1001 3979 ventum
1022 3924 1082 3979 est.
1101 3913 1171 3980 Ve-

112 4051 212 4104 teres
243 4037 479 4105 controversiae
504 4045 561 4100 aut
589 4055 629 4098 ex
656 4030 804 4098 historiis
829 4029 1070 4118 trahebantur,
1087 4030 1173 4100 sicut

111 4179 207 4226 sane
227 4151 398 4222 nonnullae
424 4175 530 4245 usque
556 4148 665 4219 adhuc
683 4175 691 4217 :
711 4164 769 4218 aut
794 4173 834 4217 ex
858 4149 997 4261 veritate
1014 4175 1053 4220 ac
1068 4174 1122 4240 re,
1145 4152 1172 4218 si

286 4249 323 4320 ri.
1013 4267 1032 4337 7
