<?xml version="1.0" encoding="UTF-8"?>
<!DOCTYPE html PUBLIC "-//W3C//DTD XHTML 1.0 Transitional//EN"
    "http://www.w3.org/TR/xhtml1/DTD/xhtml1-transitional.dtd">
<html xmlns="http://www.w3.org/1999/xhtml" xml:lang="en" lang="en">
 <head>
  <title>
</title>
<meta http-equiv="Content-Type" content="text/html;charset=utf-8" />
  <meta name='ocr-system' content='tesseract 3.04.00' />
  <meta name='ocr-capabilities' content='ocr_page ocr_carea ocr_par ocr_line ocrx_word'/>
</head>
<body>
  <div class='ocr_page' id='page_1' title='image "./caiisuetonitran00grosgoog_0148.png"; bbox 0 0 3108 5434; ppageno 0'>
   <div class='ocr_carea' id='block_1_1' title="bbox 111 546 1149 891">
    <p class='ocr_par' dir='ltr' id='par_1_1' title="bbox 111 546 1149 891">
     <span class='ocr_line' id='line_1_1' title="bbox 538 546 1149 628; baseline 0.015 -28"><span class='ocrx_word' id='word_1_1' title='bbox 538 546 722 605; x_wconf 75' lang='lat' dir='ltr'><strong>TIBERIUS.</strong></span> <span class='ocrx_word' id='word_1_2' title='bbox 1093 571 1149 628; x_wconf 81' lang='lat'>¹¹9</span> 
     </span>
     <span class='ocr_line' id='line_1_2' title="bbox 113 665 1149 772; baseline 0.017 -42"><span class='ocrx_word' id='word_1_3' title='bbox 113 665 184 732; x_wconf 86' lang='lat' dir='ltr'>rint.</span> <span class='ocrx_word' id='word_1_4' title='bbox 201 667 310 735; x_wconf 88' lang='lat' dir='ltr'>Etiam</span> <span class='ocrx_word' id='word_1_5' title='bbox 325 665 422 763; x_wconf 81' lang='lat' dir='ltr'>virgo</span> <span class='ocrx_word' id='word_1_6' title='bbox 437 669 578 740; x_wconf 84' lang='lat' dir='ltr'>Vestalis</span> <span class='ocrx_word' id='word_1_7' title='bbox 593 671 744 760; x_wconf 85' lang='lat' dir='ltr'>fratrem,</span> <span class='ocrx_word' id='word_1_8' title='bbox 756 673 884 770; x_wconf 84' lang='lat' dir='ltr'>injussu</span> <span class='ocrx_word' id='word_1_9' title='bbox 900 675 1014 772; x_wconf 92' lang='lat' dir='ltr'>populi</span> <span class='ocrx_word' id='word_1_10' title='bbox 1031 679 1149 747; x_wconf 89' lang='lat' dir='ltr'>trium·</span> 
     </span>
     <span class='ocr_line' id='line_1_3' title="bbox 111 785 1148 891; baseline 0.014 -40"><span class='ocrx_word' id='word_1_11' title='bbox 111 785 279 877; x_wconf 85' lang='lat' dir='ltr'>pbantem,</span> <span class='ocrx_word' id='word_1_12' title='bbox 306 812 443 858; x_wconf 86' lang='lat' dir='ltr'>ascenso</span> <span class='ocrx_word' id='word_1_13' title='bbox 472 789 569 864; x_wconf 91' lang='lat' dir='ltr'>simul</span> <span class='ocrx_word' id='word_1_14' title='bbox 598 818 719 883; x_wconf 85' lang='lat' dir='ltr'>curru,</span> <span class='ocrx_word' id='word_1_15' title='bbox 750 819 853 889; x_wconf 85' lang='lat' dir='ltr'>usque</span> <span class='ocrx_word' id='word_1_16' title='bbox 882 797 917 864; x_wconf 94' lang='lat' dir='ltr'>in</span> <span class='ocrx_word' id='word_1_17' title='bbox 945 795 1148 891; x_wconf 85' lang='lat' dir='ltr'>Capitolium</span> 
     </span>
    </p>
   </div>
   <div class='ocr_carea' id='block_1_2' title="bbox 111 914 1148 1098">
    <p class='ocr_par' dir='ltr' id='par_1_2' title="bbox 111 914 1148 1098">
     <span class='ocr_line' id='line_1_4' title="bbox 111 914 1148 1010; baseline 0.014 -39"><span class='ocrx_word' id='word_1_18' title='bbox 111 919 279 997; x_wconf 88' lang='lat' dir='ltr'>prosecuta</span> <span class='ocrx_word' id='word_1_19' title='bbox 307 921 374 996; x_wconf 84' lang='lat' dir='ltr'>est,</span> <span class='ocrx_word' id='word_1_20' title='bbox 400 934 442 978; x_wconf 91' lang='lat' dir='ltr'>ne</span> <span class='ocrx_word' id='word_1_21' title='bbox 465 925 593 996; x_wconf 85' lang='lat' dir='ltr'>vetare,</span> <span class='ocrx_word' id='word_1_22' title='bbox 618 927 677 982; x_wconf 84' lang='lat' dir='ltr'>aut</span> <span class='ocrx_word' id='word_1_23' title='bbox 700 914 902 985; x_wconf 78' lang='lat' dir='ltr'>intercedere</span> <span class='ocrx_word' id='word_1_24' title='bbox 920 915 968 986; x_wconf 87' lang='lat' dir='ltr'>sas</span> <span class='ocrx_word' id='word_1_25' title='bbox 991 917 1148 1010; x_wconf 85' lang='lat' dir='ltr'>cuiquam</span> 
     </span>
     <span class='ocr_line' id='line_1_5' title="bbox 112 1024 428 1098; baseline 0.028 -8"><span class='ocrx_word' id='word_1_26' title='bbox 112 1024 319 1096; x_wconf 83' lang='lat' dir='ltr'>tribunorum</span> <span class='ocrx_word' id='word_1_27' title='bbox 334 1043 428 1098; x_wconf 87' lang='lat' dir='ltr'>esset.</span> 
     </span>
    </p>
   </div>
   <div class='ocr_carea' id='block_1_3' title="bbox 9 1148 1152 4242">
    <p class='ocr_par' dir='ltr' id='par_1_3' title="bbox 103 1148 1152 3512">
     <span class='ocr_line' id='line_1_6' title="bbox 151 1148 1152 1251; baseline 0.012 -37"><span class='ocrx_word' id='word_1_28' title='bbox 151 1149 211 1214; x_wconf 88' lang='lat'><em>111.</em></span> <span class='ocrx_word' id='word_1_29' title='bbox 230 1150 281 1216; x_wconf 85' lang='lat' dir='ltr'>Ex</span> <span class='ocrx_word' id='word_1_30' title='bbox 297 1148 361 1218; x_wconf 87' lang='lat' dir='ltr'>bac</span> <span class='ocrx_word' id='word_1_31' title='bbox 378 1150 479 1246; x_wconf 88' lang='lat' dir='ltr'>stirpe</span> <span class='ocrx_word' id='word_1_32' title='bbox 492 1153 644 1224; x_wconf 86' lang='lat' dir='ltr'>Tiberius</span> <span class='ocrx_word' id='word_1_33' title='bbox 656 1159 766 1227; x_wconf 72' lang='lat' dir='ltr'>Cesar</span> <span class='ocrx_word' id='word_1_34' title='bbox 777 1180 883 1251; x_wconf 82' lang='lat' dir='ltr'>genus</span> <span class='ocrx_word' id='word_1_35' title='bbox 897 1157 1017 1243; x_wconf 89' lang='lat' dir='ltr'>trahit,</span> <span class='ocrx_word' id='word_1_36' title='bbox 1030 1173 1061 1226; x_wconf 90' lang='lat' dir='ltr'>ct</span> <span class='ocrx_word' id='word_1_37' title='bbox 1080 1151 1152 1251; x_wconf 79' lang='lat' dir='ltr'>qur·</span> 
     </span>
     <span class='ocr_line' id='line_1_7' title="bbox 110 1266 1151 1368; baseline 0.013 -36"><span class='ocrx_word' id='word_1_38' title='bbox 110 1266 180 1334; x_wconf 88' lang='lat' dir='ltr'>dem</span> <span class='ocrx_word' id='word_1_39' title='bbox 206 1282 417 1363; x_wconf 89' lang='lat' dir='ltr'>utrumque:</span> <span class='ocrx_word' id='word_1_40' title='bbox 444 1287 640 1368; x_wconf 89' lang='lat' dir='ltr'>paternum,</span> <span class='ocrx_word' id='word_1_41' title='bbox 663 1300 683 1344; x_wconf 91' lang='lat' dir='ltr'>a</span> <span class='ocrx_word' id='word_1_42' title='bbox 702 1276 836 1346; x_wconf 79' lang='lat' dir='ltr'>Tiberio</span> <span class='ocrx_word' id='word_1_43' title='bbox 858 1277 1011 1364; x_wconf 79' lang='lat' dir='ltr'>Nerone3</span> <span class='ocrx_word' id='word_1_44' title='bbox 1030 1291 1151 1346; x_wconf 87' lang='lat' dir='ltr'>mater·</span> 
     </span>
     <span class='ocr_line' id='line_1_8' title="bbox 110 1376 1152 1491; baseline 0.011 -36"><span class='ocrx_word' id='word_1_45' title='bbox 110 1412 206 1476; x_wconf 89' lang='lat' dir='ltr'>num,</span> <span class='ocrx_word' id='word_1_46' title='bbox 225 1376 269 1458; x_wconf 87' lang='lat' dir='ltr'>ab</span> <span class='ocrx_word' id='word_1_47' title='bbox 288 1391 399 1485; x_wconf 77' lang='lat' dir='ltr'>Appio</span> <span class='ocrx_word' id='word_1_48' title='bbox 416 1391 575 1481; x_wconf 87' lang='lat' dir='ltr'>Pulchro;</span> <span class='ocrx_word' id='word_1_49' title='bbox 593 1396 651 1488; x_wconf 90' lang='lat' dir='ltr'>qui</span> <span class='ocrx_word' id='word_1_50' title='bbox 669 1396 767 1466; x_wconf 89' lang='lat' dir='ltr'>ambo</span> <span class='ocrx_word' id='word_1_51' title='bbox 786 1397 886 1491; x_wconf 78' lang='lat' dir='ltr'>Appii</span> <span class='ocrx_word' id='word_1_52' title='bbox 900 1399 986 1466; x_wconf 80' lang='lat' dir='ltr'>Caeci</span> <span class='ocrx_word' id='word_1_53' title='bbox 1003 1394 1061 1466; x_wconf 90' lang='lat' dir='ltr'>lilii</span> <span class='ocrx_word' id='word_1_54' title='bbox 1080 1396 1152 1466; x_wconf 84' lang='lat' dir='ltr'>lire-</span> 
     </span>
     <span class='ocr_line' id='line_1_9' title="bbox 109 1513 1150 1610; baseline 0.008 -33"><span class='ocrx_word' id='word_1_55' title='bbox 109 1523 193 1598; x_wconf 68' lang='lat' dir='ltr'>[unt</span> <span class='ocrx_word' id='word_1_56' title='bbox 215 1513 366 1580; x_wconf 83' lang='lat' dir='ltr'>Insertus</span> <span class='ocrx_word' id='word_1_57' title='bbox 384 1528 483 1584; x_wconf 88' lang='lat' dir='ltr'>estet</span> <span class='ocrx_word' id='word_1_58' title='bbox 502 1515 673 1586; x_wconf 87' lang='lat' dir='ltr'>Liviorum</span> <span class='ocrx_word' id='word_1_59' title='bbox 691 1515 839 1601; x_wconf 79' lang='lat' dir='ltr'>familiae,</span> <span class='ocrx_word' id='word_1_60' title='bbox 853 1515 1012 1610; x_wconf 89' lang='lat' dir='ltr'>adoptato</span> <span class='ocrx_word' id='word_1_61' title='bbox 1026 1517 1061 1596; x_wconf 88' lang='lat' dir='ltr'>in</span> <span class='ocrx_word' id='word_1_62' title='bbox 1076 1541 1150 1585; x_wconf 85' lang='lat' dir='ltr'>eam</span> 
     </span>
     <span class='ocr_line' id='line_1_10' title="bbox 109 1631 1151 1732; baseline 0.007 -34"><span class='ocrx_word' id='word_1_63' title='bbox 109 1643 257 1699; x_wconf 84' lang='lat' dir='ltr'>materno</span> <span class='ocrx_word' id='word_1_64' title='bbox 270 1654 344 1701; x_wconf 85' lang='lat' dir='ltr'>avo.</span> <span class='ocrx_word' id='word_1_65' title='bbox 359 1631 445 1722; x_wconf 70' lang='lat' dir='ltr'>Quas</span> <span class='ocrx_word' id='word_1_66' title='bbox 458 1631 598 1723; x_wconf 82' lang='lat' dir='ltr'>familia,</span> <span class='ocrx_word' id='word_1_67' title='bbox 612 1659 815 1730; x_wconf 86' lang='lat' dir='ltr'>quamquam</span> <span class='ocrx_word' id='word_1_68' title='bbox 827 1634 970 1732; x_wconf 88' lang='lat' dir='ltr'>plebeia,</span> <span class='ocrx_word' id='word_1_69' title='bbox 988 1651 1098 1706; x_wconf 67' lang='lat' dir='ltr'>umen</span> <span class='ocrx_word' id='word_1_70' title='bbox 1117 1651 1151 1705; x_wconf 90' lang='lat' dir='ltr'>et</span> 
     </span>
     <span class='ocr_line' id='line_1_11' title="bbox 109 1749 1151 1844; baseline 0.01 -29"><span class='ocrx_word' id='word_1_71' title='bbox 109 1749 173 1842; x_wconf 84' lang='lat' dir='ltr'>ipsa</span> <span class='ocrx_word' id='word_1_72' title='bbox 192 1750 376 1820; x_wconf 76' lang='lat' dir='ltr'><strong>admodum</strong></span> <span class='ocrx_word' id='word_1_73' title='bbox 393 1751 525 1843; x_wconf 84' lang='lat' dir='ltr'>floruit,</span> <span class='ocrx_word' id='word_1_74' title='bbox 543 1769 619 1826; x_wconf 91' lang='lat' dir='ltr'>octo</span> <span class='ocrx_word' id='word_1_75' title='bbox 632 1753 880 1844; x_wconf 86' lang='lat' dir='ltr'>consulatibus,</span> <span class='ocrx_word' id='word_1_76' title='bbox 900 1755 1049 1825; x_wconf 73' lang='lat' dir='ltr'><strong>censuris</strong></span> <span class='ocrx_word' id='word_1_77' title='bbox 1068 1753 1151 1825; x_wconf 87' lang='lat' dir='ltr'>dua·</span> 
     </span>
     <span class='ocr_line' id='line_1_12' title="bbox 107 1869 1151 1970; baseline 0.009 -33"><span class='ocrx_word' id='word_1_78' title='bbox 107 1869 183 1956; x_wconf 88' lang='lat' dir='ltr'>bus,</span> <span class='ocrx_word' id='word_1_79' title='bbox 210 1871 390 1967; x_wconf 83' lang='lat' dir='ltr'>triumphis</span> <span class='ocrx_word' id='word_1_80' title='bbox 421 1874 542 1962; x_wconf 90' lang='lat' dir='ltr'>tribus,</span> <span class='ocrx_word' id='word_1_81' title='bbox 571 1875 735 1946; x_wconf 76' lang='lat' dir='ltr'>dictatura</span> <span class='ocrx_word' id='word_1_82' title='bbox 763 1876 862 1946; x_wconf 85' lang='lat' dir='ltr'>etiam</span> <span class='ocrx_word' id='word_1_83' title='bbox 891 1901 930 1946; x_wconf 88' lang='lat' dir='ltr'>ac</span> <span class='ocrx_word' id='word_1_84' title='bbox 959 1876 1151 1970; x_wconf 80' lang='lat' dir='ltr'>magisterio</span> 
     </span>
     <span class='ocr_line' id='line_1_13' title="bbox 107 1991 1151 2091; baseline 0.006 -31"><span class='ocrx_word' id='word_1_85' title='bbox 107 1992 254 2082; x_wconf 79' lang='lat' dir='ltr'>equitum</span> <span class='ocrx_word' id='word_1_86' title='bbox 273 1991 451 2078; x_wconf 63' lang='lat' dir='ltr'>bonoram</span> <span class='ocrx_word' id='word_1_87' title='bbox 473 1993 561 2064; x_wconf 89' lang='lat' dir='ltr'>clara</span> <span class='ocrx_word' id='word_1_88' title='bbox 579 2010 613 2064; x_wconf 91' lang='lat' dir='ltr'>et</span> <span class='ocrx_word' id='word_1_89' title='bbox 632 1996 817 2091; x_wconf 78' lang='lat' dir='ltr'>insignibus</span> <span class='ocrx_word' id='word_1_90' title='bbox 835 1997 929 2083; x_wconf 87' lang='lat' dir='ltr'>viris,</span> <span class='ocrx_word' id='word_1_91' title='bbox 950 2019 990 2064; x_wconf 86' lang='lat' dir='ltr'>ac</span> <span class='ocrx_word' id='word_1_92' title='bbox 1008 1997 1151 2066; x_wconf 86' lang='lat' dir='ltr'>maxime</span> 
     </span>
     <span class='ocr_line' id='line_1_14' title="bbox 107 2109 1152 2208; baseline 0.006 -30"><span class='ocrx_word' id='word_1_93' title='bbox 107 2109 308 2200; x_wconf 81' lang='lat' dir='ltr'>Salinatore,</span> <span class='ocrx_word' id='word_1_94' title='bbox 325 2114 521 2208; x_wconf 86' lang='lat' dir='ltr'>Drusisque.</span> <span class='ocrx_word' id='word_1_95' title='bbox 539 2113 705 2186; x_wconf 85' lang='lat' dir='ltr'>Salinator</span> <span class='ocrx_word' id='word_1_96' title='bbox 719 2117 889 2186; x_wconf 82' lang='lat' dir='ltr'>universas</span> <span class='ocrx_word' id='word_1_97' title='bbox 902 2115 1010 2185; x_wconf 89' lang='lat' dir='ltr'>tribus</span> <span class='ocrx_word' id='word_1_98' title='bbox 1030 2117 1063 2183; x_wconf 92' lang='lat' dir='ltr'>in</span> <span class='ocrx_word' id='word_1_99' title='bbox 1077 2141 1152 2184; x_wconf 90' lang='lat' dir='ltr'>cen·</span> 
     </span>
     <span class='ocr_line' id='line_1_15' title="bbox 107 2229 1150 2330; baseline 0.008 -34"><span class='ocrx_word' id='word_1_100' title='bbox 107 2255 180 2298; x_wconf 86' lang='lat' dir='ltr'>sura</span> <span class='ocrx_word' id='word_1_101' title='bbox 197 2232 329 2299; x_wconf 85' lang='lat' dir='ltr'>notavit</span> <span class='ocrx_word' id='word_1_102' title='bbox 346 2229 487 2302; x_wconf 84' lang='lat' dir='ltr'>levitatis</span> <span class='ocrx_word' id='word_1_103' title='bbox 500 2235 651 2322; x_wconf 87' lang='lat' dir='ltr'>nomine,</span> <span class='ocrx_word' id='word_1_104' title='bbox 668 2235 775 2328; x_wconf 91' lang='lat' dir='ltr'>quod,</span> <span class='ocrx_word' id='word_1_105' title='bbox 790 2259 894 2328; x_wconf 89' lang='lat' dir='ltr'>quum</span> <span class='ocrx_word' id='word_1_106' title='bbox 911 2259 946 2304; x_wconf 89' lang='lat' dir='ltr'>sc</span> <span class='ocrx_word' id='word_1_107' title='bbox 964 2250 1039 2330; x_wconf 85' lang='lat' dir='ltr'>post</span> <span class='ocrx_word' id='word_1_108' title='bbox 1059 2237 1150 2328; x_wconf 88' lang='lat' dir='ltr'>prio·</span> 
     </span>
     <span class='ocr_line' id='line_1_16' title="bbox 106 2351 1150 2450; baseline 0.007 -34"><span class='ocrx_word' id='word_1_109' title='bbox 106 2375 171 2418; x_wconf 73' lang='lat' dir='ltr'>tem</span> <span class='ocrx_word' id='word_1_110' title='bbox 195 2351 409 2422; x_wconf 88' lang='lat' dir='ltr'>consulatum</span> <span class='ocrx_word' id='word_1_111' title='bbox 428 2353 532 2423; x_wconf 85' lang='lat' dir='ltr'>multa</span> <span class='ocrx_word' id='word_1_112' title='bbox 553 2356 699 2450; x_wconf 77' lang='lat' dir='ltr'>irrogata</span> <span class='ocrx_word' id='word_1_113' title='bbox 721 2354 1010 2444; x_wconf 84' lang='lat' dir='ltr'>condemnassent,</span> <span class='ocrx_word' id='word_1_114' title='bbox 1030 2381 1150 2425; x_wconf 88' lang='lat' dir='ltr'>consu·</span> 
     </span>
     <span class='ocr_line' id='line_1_17' title="bbox 106 2471 1150 2572; baseline 0.006 -34"><span class='ocrx_word' id='word_1_115' title='bbox 106 2471 165 2540; x_wconf 87' lang='lat' dir='ltr'>lem</span> <span class='ocrx_word' id='word_1_116' title='bbox 178 2475 303 2542; x_wconf 91' lang='lat' dir='ltr'>iterum</span> <span class='ocrx_word' id='word_1_117' title='bbox 317 2499 551 2569; x_wconf 83' lang='lat' dir='ltr'>censoremque</span> <span class='ocrx_word' id='word_1_118' title='bbox 564 2475 724 2546; x_wconf 82' lang='lat' dir='ltr'>iecissent.</span> <span class='ocrx_word' id='word_1_119' title='bbox 741 2480 892 2572; x_wconf 82' lang='lat' dir='ltr'>Drusus,</span> <span class='ocrx_word' id='word_1_120' title='bbox 905 2476 1052 2546; x_wconf 78' lang='lat' dir='ltr'>bostirun</span> <span class='ocrx_word' id='word_1_121' title='bbox 1066 2475 1150 2545; x_wconf 89' lang='lat' dir='ltr'>duce</span> 
     </span>
     <span class='ocr_line' id='line_1_18' title="bbox 104 2595 1148 2691; baseline 0.003 -31"><span class='ocrx_word' id='word_1_122' title='bbox 104 2597 234 2664; x_wconf 86' lang='lat' dir='ltr'>Drauso</span> <span class='ocrx_word' id='word_1_123' title='bbox 260 2596 410 2687; x_wconf 82' lang='lat' dir='ltr'>cominus</span> <span class='ocrx_word' id='word_1_124' title='bbox 432 2595 613 2684; x_wconf 89' lang='lat' dir='ltr'>trucidato,</span> <span class='ocrx_word' id='word_1_125' title='bbox 632 2596 694 2666; x_wconf 92' lang='lat' dir='ltr'>sibi</span> <span class='ocrx_word' id='word_1_126' title='bbox 712 2597 918 2691; x_wconf 88' lang='lat' dir='ltr'>posterisque</span> <span class='ocrx_word' id='word_1_127' title='bbox 937 2599 1005 2666; x_wconf 88' lang='lat' dir='ltr'>suis</span> <span class='ocrx_word' id='word_1_128' title='bbox 1023 2620 1148 2691; x_wconf 80' lang='lat' dir='ltr'>cogno·</span> 
     </span>
     <span class='ocr_line' id='line_1_19' title="bbox 105 2716 1150 2811; baseline 0.004 -31"><span class='ocrx_word' id='word_1_129' title='bbox 105 2738 175 2782; x_wconf 90' lang='lat' dir='ltr'>men</span> <span class='ocrx_word' id='word_1_130' title='bbox 204 2716 344 2784; x_wconf 86' lang='lat' dir='ltr'>invenit.</span> <span class='ocrx_word' id='word_1_131' title='bbox 372 2716 528 2786; x_wconf 85' lang='lat' dir='ltr'>Traditur</span> <span class='ocrx_word' id='word_1_132' title='bbox 558 2718 659 2796; x_wconf 83' lang='lat' dir='ltr'>etiam</span> <span class='ocrx_word' id='word_1_133' title='bbox 684 2733 887 2811; x_wconf 81' lang='lat' dir='ltr'>propraetore</span> <span class='ocrx_word' id='word_1_134' title='bbox 916 2743 955 2785; x_wconf 84' lang='lat' dir='ltr'>ex</span> <span class='ocrx_word' id='word_1_135' title='bbox 978 2717 1150 2810; x_wconf 86' lang='lat' dir='ltr'>provincia</span> 
     </span>
     <span class='ocr_line' id='line_1_20' title="bbox 104 2834 1149 2921; baseline 0.001 -18"><span class='ocrx_word' id='word_1_136' title='bbox 104 2834 209 2904; x_wconf 89' lang='lat' dir='ltr'>Gallia</span> <span class='ocrx_word' id='word_1_137' title='bbox 245 2834 397 2904; x_wconf 91' lang='lat' dir='ltr'>retulisse</span> <span class='ocrx_word' id='word_1_138' title='bbox 426 2861 564 2921; x_wconf 86' lang='lat' dir='ltr'>nurum,</span> <span class='ocrx_word' id='word_1_139' title='bbox 595 2837 782 2908; x_wconf 88' lang='lat' dir='ltr'>Senonibus</span> <span class='ocrx_word' id='word_1_140' title='bbox 809 2835 888 2906; x_wconf 89' lang='lat' dir='ltr'>olim</span> <span class='ocrx_word' id='word_1_141' title='bbox 916 2839 949 2905; x_wconf 95' lang='lat' dir='ltr'>in</span> <span class='ocrx_word' id='word_1_142' title='bbox 977 2835 1149 2905; x_wconf 86' lang='lat' dir='ltr'>obsidione</span> 
     </span>
     <span class='ocr_line' id='line_1_21' title="bbox 105 2953 1146 3050; baseline 0 -26"><span class='ocrx_word' id='word_1_143' title='bbox 105 2956 262 3050; x_wconf 83' lang='lat' dir='ltr'>Capitolii</span> <span class='ocrx_word' id='word_1_144' title='bbox 282 2957 417 3044; x_wconf 89' lang='lat' dir='ltr'>datum,</span> <span class='ocrx_word' id='word_1_145' title='bbox 434 2981 512 3042; x_wconf 91' lang='lat' dir='ltr'>nec,</span> <span class='ocrx_word' id='word_1_146' title='bbox 532 2973 569 3026; x_wconf 89' lang='lat' dir='ltr'>ut</span> <span class='ocrx_word' id='word_1_147' title='bbox 587 2957 672 3028; x_wconf 74' lang='lat' dir='ltr'>tama</span> <span class='ocrx_word' id='word_1_148' title='bbox 691 2971 757 3045; x_wconf 87' lang='lat' dir='ltr'>est,</span> <span class='ocrx_word' id='word_1_149' title='bbox 774 2971 941 3026; x_wconf 84' lang='lat' dir='ltr'>extortum</span> <span class='ocrx_word' id='word_1_150' title='bbox 959 2983 978 3026; x_wconf 88' lang='lat' dir='ltr'>a</span> <span class='ocrx_word' id='word_1_151' title='bbox 996 2953 1146 3026; x_wconf 88' lang='lat' dir='ltr'>Camillo.</span> 
     </span>
     <span class='ocr_line' id='line_1_22' title="bbox 103 3077 1148 3172; baseline 0 -28"><span class='ocrx_word' id='word_1_152' title='bbox 103 3078 179 3168; x_wconf 81' lang='lat' dir='ltr'>Ejus</span> <span class='ocrx_word' id='word_1_153' title='bbox 200 3078 370 3172; x_wconf 89' lang='lat' dir='ltr'>abnepos,</span> <span class='ocrx_word' id='word_1_154' title='bbox 394 3079 438 3146; x_wconf 95' lang='lat' dir='ltr'>ob</span> <span class='ocrx_word' id='word_1_155' title='bbox 462 3079 615 3146; x_wconf 80' lang='lat' dir='ltr'>eximiam</span> <span class='ocrx_word' id='word_1_156' title='bbox 639 3077 796 3149; x_wconf 86' lang='lat' dir='ltr'>adversus</span> <span class='ocrx_word' id='word_1_157' title='bbox 819 3078 990 3148; x_wconf 85' lang='lat' dir='ltr'>Gracchos</span> <span class='ocrx_word' id='word_1_158' title='bbox 1010 3101 1148 3171; x_wconf 86' lang='lat' dir='ltr'>operam</span> 
     </span>
     <span class='ocr_line' id='line_1_23' title="bbox 103 3196 1147 3293; baseline -0.004 -26"><span class='ocrx_word' id='word_1_159' title='bbox 103 3213 267 3290; x_wconf 88' lang='lat' dir='ltr'>patronus</span> <span class='ocrx_word' id='word_1_160' title='bbox 285 3215 419 3270; x_wconf 82' lang='lat' dir='ltr'>senatus</span> <span class='ocrx_word' id='word_1_161' title='bbox 436 3199 562 3287; x_wconf 90' lang='lat' dir='ltr'>dictus,</span> <span class='ocrx_word' id='word_1_162' title='bbox 582 3198 686 3272; x_wconf 88' lang='lat' dir='ltr'>lilium</span> <span class='ocrx_word' id='word_1_163' title='bbox 703 3197 853 3292; x_wconf 85' lang='lat' dir='ltr'>reliquit,</span> <span class='ocrx_word' id='word_1_164' title='bbox 874 3223 972 3293; x_wconf 90' lang='lat' dir='ltr'>quem</span> <span class='ocrx_word' id='word_1_165' title='bbox 993 3199 1027 3266; x_wconf 95' lang='lat' dir='ltr'>in</span> <span class='ocrx_word' id='word_1_166' title='bbox 1050 3196 1147 3266; x_wconf 92' lang='lat' dir='ltr'>simili</span> 
     </span>
     <span class='ocr_line' id='line_1_24' title="bbox 103 3318 1149 3413; baseline 0.001 -27"><span class='ocrx_word' id='word_1_167' title='bbox 103 3319 309 3390; x_wconf 88' lang='lat' dir='ltr'>dissensione</span> <span class='ocrx_word' id='word_1_168' title='bbox 336 3318 439 3390; x_wconf 89' lang='lat' dir='ltr'>multa</span> <span class='ocrx_word' id='word_1_169' title='bbox 472 3321 561 3390; x_wconf 88' lang='lat' dir='ltr'>varie</span> <span class='ocrx_word' id='word_1_170' title='bbox 592 3320 782 3390; x_wconf 88' lang='lat' dir='ltr'>molientem</span> <span class='ocrx_word' id='word_1_171' title='bbox 809 3321 938 3390; x_wconf 85' lang='lat' dir='ltr'>diversa</span> <span class='ocrx_word' id='word_1_172' title='bbox 963 3319 1062 3390; x_wconf 85' lang='lat' dir='ltr'>factio</span> <span class='ocrx_word' id='word_1_173' title='bbox 1088 3343 1149 3413; x_wconf 87' lang='lat' dir='ltr'>per</span> 
     </span>
     <span class='ocr_line' id='line_1_25' title="bbox 103 3441 450 3512; baseline 0.006 -4"><span class='ocrx_word' id='word_1_174' title='bbox 103 3441 253 3512; x_wconf 82' lang='lat' dir='ltr'>fraudem</span> <span class='ocrx_word' id='word_1_175' title='bbox 274 3443 450 3510; x_wconf 87' lang='lat' dir='ltr'>interemit.</span> 
     </span>
    </p>

    <p class='ocr_par' dir='ltr' id='par_1_4' title="bbox 9 3559 1146 4258">
     <span class='ocr_line' id='line_1_26' title="bbox 148 3559 1146 3655; baseline -0.005 -24"><span class='ocrx_word' id='word_1_176' title='bbox 148 3565 207 3632; x_wconf 88' lang='lat' dir='ltr'>lV.</span> <span class='ocrx_word' id='word_1_177' title='bbox 235 3565 337 3630; x_wconf 89' lang='lat' dir='ltr'>Pater</span> <span class='ocrx_word' id='word_1_178' title='bbox 361 3561 502 3650; x_wconf 91' lang='lat' dir='ltr'>Tiberii,</span> <span class='ocrx_word' id='word_1_179' title='bbox 524 3575 668 3655; x_wconf 78' lang='lat' dir='ltr'>quaestor</span> <span class='ocrx_word' id='word_1_180' title='bbox 686 3563 724 3630; x_wconf 91' lang='lat' dir='ltr'>C.</span> <span class='ocrx_word' id='word_1_181' title='bbox 748 3562 903 3648; x_wconf 80' lang='lat' dir='ltr'>Caesaris,</span> <span class='ocrx_word' id='word_1_182' title='bbox 924 3559 1146 3630; x_wconf 78' lang='lat' dir='ltr'>Alexandrino</span> 
     </span>
     <span class='ocr_line' id='line_1_27' title="bbox 101 3677 1143 3777; baseline -0.004 -27"><span class='ocrx_word' id='word_1_183' title='bbox 101 3681 188 3750; x_wconf 82' lang='lat' dir='ltr'>hello</span> <span class='ocrx_word' id='word_1_184' title='bbox 203 3683 301 3751; x_wconf 88' lang='lat' dir='ltr'>classi</span> <span class='ocrx_word' id='word_1_185' title='bbox 318 3683 529 3777; x_wconf 67' lang='lat' dir='ltr'>praepositus,</span> <span class='ocrx_word' id='word_1_186' title='bbox 546 3681 727 3776; x_wconf 88' lang='lat' dir='ltr'>plurimum</span> <span class='ocrx_word' id='word_1_187' title='bbox 746 3681 788 3752; x_wconf 87' lang='lat' dir='ltr'>ad</span> <span class='ocrx_word' id='word_1_188' title='bbox 807 3681 977 3750; x_wconf 89' lang='lat' dir='ltr'>victoriam</span> <span class='ocrx_word' id='word_1_189' title='bbox 992 3677 1143 3748; x_wconf 89' lang='lat' dir='ltr'>contulit.</span> 
     </span>
     <span class='ocr_line' id='line_1_28' title="bbox 9 3800 1144 3900; baseline -0.006 -27"><span class='ocrx_word' id='word_1_190' title='bbox 9 3883 10 3900; x_wconf 12' lang='grc' dir='ltr'>χ</span> <span class='ocrx_word' id='word_1_191' title='bbox 99 3803 216 3891; x_wconf 86' lang='lat' dir='ltr'>Quare</span> <span class='ocrx_word' id='word_1_192' title='bbox 237 3815 273 3870; x_wconf 86' lang='lat' dir='ltr'>et</span> <span class='ocrx_word' id='word_1_193' title='bbox 299 3801 446 3896; x_wconf 82' lang='lat' dir='ltr'>pontifex</span> <span class='ocrx_word' id='word_1_194' title='bbox 476 3803 510 3872; x_wconf 85' lang='lat' dir='ltr'>in</span> <span class='ocrx_word' id='word_1_195' title='bbox 538 3800 648 3872; x_wconf 90' lang='lat' dir='ltr'>locum</span> <span class='ocrx_word' id='word_1_196' title='bbox 676 3805 712 3872; x_wconf 88' lang='grc' dir='ltr'>Ρ.</span> <span class='ocrx_word' id='word_1_197' title='bbox 739 3802 901 3896; x_wconf 89' lang='lat' dir='ltr'>Scipionis</span> <span class='ocrx_word' id='word_1_198' title='bbox 924 3800 1144 3886; x_wconf 88' lang='lat' dir='ltr'>substitutus,</span> 
     </span>
     <span class='ocr_line' id='line_1_29' title="bbox 9 3905 1144 4014; baseline -0.005 -20"><span class='ocrx_word' id='word_1_199' title='bbox 9 3905 10 3994; x_wconf 77' lang='lat' dir='ltr'>l</span> <span class='ocrx_word' id='word_1_200' title='bbox 99 3938 133 3990; x_wconf 91' lang='lat' dir='ltr'>et</span> <span class='ocrx_word' id='word_1_201' title='bbox 149 3923 194 3991; x_wconf 91' lang='lat' dir='ltr'>ad</span> <span class='ocrx_word' id='word_1_202' title='bbox 212 3921 423 3995; x_wconf 86' lang='lat' dir='ltr'>deducendas</span> <span class='ocrx_word' id='word_1_203' title='bbox 441 3925 475 3992; x_wconf 89' lang='lat' dir='ltr'>in</span> <span class='ocrx_word' id='word_1_204' title='bbox 493 3921 635 3995; x_wconf 85' lang='lat' dir='ltr'>Galliam</span> <span class='ocrx_word' id='word_1_205' title='bbox 654 3921 818 4010; x_wconf 89' lang='lat' dir='ltr'>colonias,</span> <span class='ocrx_word' id='word_1_206' title='bbox 835 3924 868 3990; x_wconf 92' lang='lat' dir='ltr'>in</span> <span class='ocrx_word' id='word_1_207' title='bbox 886 3921 961 4014; x_wconf 90' lang='lat' dir='ltr'>quis</span> <span class='ocrx_word' id='word_1_208' title='bbox 981 3919 1094 3992; x_wconf 85' lang='lat' dir='ltr'>Narbo</span> <span class='ocrx_word' id='word_1_209' title='bbox 1110 3935 1144 3989; x_wconf 88' lang='lat' dir='ltr'>ct</span> 
     </span>
     <span class='ocr_line' id='line_1_30' title="bbox 9 4041 1143 4138; baseline -0.005 -24"><span class='ocrx_word' id='word_1_210' title='bbox 9 4109 10 4138; x_wconf 61' lang='lat'>,</span> <span class='ocrx_word' id='word_1_211' title='bbox 102 4045 237 4116; x_wconf 78' lang='lat' dir='ltr'>Arelate</span> <span class='ocrx_word' id='word_1_212' title='bbox 255 4061 368 4132; x_wconf 87' lang='lat' dir='ltr'>crant,</span> <span class='ocrx_word' id='word_1_213' title='bbox 386 4047 503 4114; x_wconf 89' lang='lat' dir='ltr'>missus</span> <span class='ocrx_word' id='word_1_214' title='bbox 517 4060 575 4114; x_wconf 89' lang='lat' dir='ltr'>est.</span> <span class='ocrx_word' id='word_1_215' title='bbox 593 4049 717 4116; x_wconf 84' lang='lat' dir='ltr'>Tamen</span> <span class='ocrx_word' id='word_1_216' title='bbox 735 4049 862 4115; x_wconf 71' lang='lat' dir='ltr'>Caesare</span> <span class='ocrx_word' id='word_1_217' title='bbox 874 4043 999 4128; x_wconf 90' lang='lat' dir='ltr'>occiso,</span> <span class='ocrx_word' id='word_1_218' title='bbox 1014 4041 1143 4110; x_wconf 88' lang='lat' dir='ltr'>cunctis</span> 
     </span>
     <span class='ocr_line' id='line_1_31' title="bbox 9 4145 1142 4242; baseline -0.004 -9"><span class='ocrx_word' id='word_1_219' title='bbox 9 4145 11 4188; x_wconf 52' lang='lat' dir='ltr'>l</span> <span class='ocrx_word' id='word_1_220' title='bbox 101 4165 279 4234; x_wconf 87' lang='lat' dir='ltr'>turbarum</span> <span class='ocrx_word' id='word_1_221' title='bbox 302 4182 394 4235; x_wconf 90' lang='lat' dir='ltr'>metu</span> <span class='ocrx_word' id='word_1_222' title='bbox 418 4163 631 4234; x_wconf 86' lang='lat' dir='ltr'>abolitionem</span> <span class='ocrx_word' id='word_1_223' title='bbox 653 4165 730 4234; x_wconf 87' lang='lat' dir='ltr'>sacti</span> <span class='ocrx_word' id='word_1_224' title='bbox 751 4162 1022 4242; x_wconf 80' lang='lat' dir='ltr'>decernentibus,</span> <span class='ocrx_word' id='word_1_225' title='bbox 1044 4163 1142 4230; x_wconf 89' lang='lat' dir='ltr'>ctiam</span> 
     </span>
    </p>
   </div>
   <div class='ocr_carea' id='block_1_4' title="bbox 0 0 1558 5434">
    <p class='ocr_par' dir='ltr' id='par_1_5' title="bbox 0 0 1558 5434">
     <span class='ocr_line' id='line_1_32' title="bbox 0 0 1558 5434; baseline 0 5"><span class='ocrx_word' id='word_1_226' title='bbox 0 0 1558 5434; x_wconf 95' lang='lat' dir='ltr'> </span> 
     </span>
    </p>
   </div>
  </div>
 </body>
</html>
