3138 5438
450 507 486 564 58
750 561 753 568 ,
851 513 881 568 C.
901 512 1075 570 suamutt

497 633 587 700 xvt.
615 628 741 702 Bellum
765 635 913 704 Siculum
937 636 1102 704 inchoavit
1126 637 1159 702 in
1183 637 1316 728 primis,
1338 637 1394 706 sed
1412 637 1459 706 din

449 751 564 838 traxit,
590 727 812 820 intermissum
835 754 971 847 sepius,
991 753 1092 823 modo
1114 753 1368 848 reparandarum
1391 735 1483 824 cles-⁸

448 871 532 938 sium
557 894 680 956 causa,
698 895 780 964 qum
805 873 1053 966 tempestatibus
1079 872 1203 968 duplici
1229 853 1413 969 naufragio,
1432 892 1459 942 et

447 987 579 1080 quidem
599 1013 658 1082 per
676 1005 834 1076 testatem,
853 992 1026 1077 amiserat;
1048 991 1146 1060 modo
1165 1015 1245 1086 pace
1259 991 1362 1076 lacta,
1383 993 1460 1087 llagi·

448 1123 537 1178 tante
565 1107 710 1202 populo,
739 1110 783 1178 oh
813 1107 1005 1180 interclusos
1032 1125 1254 1196 commeatus,
1286 1111 1458 1204 famemque

447 1230 727 1321 ingravescentem
742 1255 750 1296 ε
764 1228 869 1298 donec
884 1231 1023 1298 navibus
1036 1255 1075 1298 ex
1091 1231 1221 1324 integro
1237 1230 1413 1318 fabricatis,
1427 1255 1459 1300 ac

448 1345 563 1438 viginti
579 1373 751 1418 servorum
768 1348 913 1418 millibus
929 1350 1153 1436 manumissis,
1169 1363 1202 1418 et
1217 1349 1260 1418 ad
1273 1373 1398 1420 remum
1411 1351 1460 1418 da·

442 1585 610 1654 Avernum
634 1585 741 1654 lacum
758 1589 856 1673 mari,
874 1587 993 1656 effecit
1013 1591 1054 1658 ln
1070 1611 1137 1680 quo
1153 1612 1256 1679 quum
1276 1587 1382 1656 hieme
1399 1601 1458 1656 tota

442 1703 554 1796 copias
566 1706 776 1791 exercuisset,
788 1706 983 1798 Pompeium
998 1707 1083 1774 inter
1094 1704 1200 1797 Mylas
1213 1720 1246 1774 et
1258 1705 1458 1776 Naulochum

442 1824 626 1915 superavit;
650 1825 711 1892 sub
735 1825 851 1894 horam
875 1849 994 1919 pugnas
1017 1839 1083 1892 tarn
1104 1839 1178 1892 arto
1200 1839 1334 1918 repente
1353 1851 1462 1896 somno

443 1939 630 2026 devinctus,
647 1956 685 2013 ut
703 1941 745 2010 ad
761 1941 909 2010 dandum
926 1944 1057 2037 signum
1076 1941 1119 2010 ab
1133 1945 1246 2012 amicis
1262 1946 1460 2014 enodaretur

442 2059 539 2129 Unde
557 2061 727 2154 praebitam
743 2035 889 2135 dntonio
910 2062 1080 2130 materiam
1101 2077 1214 2156 putem
1231 2063 1462 2156 exprobrandi,

443 2185 524 2252 «Ne
539 2186 637 2255 rectis
651 2182 783 2276 quidem
798 2183 902 2252 oculis
917 2209 992 2254 eum
1010 2186 1154 2279 aspicere
1170 2187 1314 2279 potuisse
1328 2186 1463 2254 instruc·
1533 2195 1535 2206 ⁴

442 2318 509 2372 tam
525 2301 632 2372 aciem
649 2325 657 2368 :
676 2326 789 2370 verum
809 2304 983 2396 supinum,
1003 2301 1122 2374 eoelunt
1143 2305 1343 2377 intuentem.
1363 2305 1464 2396 stupi-

441 2423 520 2492 dum
548 2424 716 2510 cubuisse3
744 2449 806 2497 nec
836 2425 927 2518 prius
955 2426 1153 2508 surrexisse,
1181 2449 1219 2494 ae
1247 2407 1407 2494 militibus
1433 2429 1465 2493 in

440 2561 654 2640 conspectum
667 2548 782 2636 fuisse,
797 2571 897 2640 qnam
912 2572 932 2616 a
946 2551 995 2616 Μ.
1012 2549 1159 2642 Agrippa
1174 2548 1292 2642 fugate
1307 2550 1375 2617 sint
1391 2551 1464 2617 hos-

440 2672 523 2738 tium
541 2649 680 2740 nares.»
699 2668 765 2740 Alii
786 2669 911 2740 dictum
930 2670 1120 2763 laetumque
1139 2671 1209 2763 ejus
1227 2671 1465 2758 criminantur,

438 2794 531 2885 qnasi
545 2793 702 2868 classibus
718 2808 910 2887 tempestate
926 2795 1064 2889 perditis
1079 2793 1324 2882 exclamaverit,
1344 2796 1468 2863 «etiam

439 2913 543 2981 invito
559 2915 716 3005 Neptuno
729 2913 901 2981 victoriam
917 2937 951 2982 se
964 2912 1177 3006 adepturum,
1187 2941 1205 2978 a
1220 2939 1259 2982 ac
1271 2914 1324 2982 die
1337 2916 1469 2984 Circen·

438 3031 524 3098 sium
536 3031 686 3123 proximo
697 3028 834 3100 solsnmi
845 3055 974 3126 pompae
983 3031 1195 3101 simulacrum
1204 3035 1265 3101 Dei
1277 3032 1466 3102 detraxerit.

438 3149 507 3217 Nec
521 3163 643 3217 temere
655 3146 752 3242 plura
765 3173 803 3216 ac
816 3151 941 3244 majora
954 3151 1100 3244 pericula
1113 3151 1181 3219 ullo
1194 3150 1259 3220 alio
1271 3149 1357 3219 bello
1373 3151 1467 3220 adiit.

436 3269 587 3360 'l'rajecto
611 3269 646 3336 in
665 3265 810 3338 Siciliam
835 3271 1000 3358 exercitu,
1025 3293 1128 3363 quurn
1153 3285 1280 3364 partem
1304 3268 1470 3365 reliquam

436 3388 606 3479 copiarum
621 3388 803 3456 continenti
818 3403 993 3481 repeteret,
1006 3412 1182 3482 oppressus
1197 3413 1236 3456 ex
1252 3391 1441 3484 improviso
1453 3417 1473 3458 a

436 3507 641 3575 Demochare
656 3523 689 3575 et
704 3505 949 3601 Apollophane,
966 3508 1124 3601 prefectis
1141 3510 1303 3602 Pompeii,
1322 3535 1396 3578 uno
1412 3509 1472 3577 de-

435 3649 525 3694 mum
538 3627 669 3718 navigio
680 3627 848 3721 egerrime
859 3625 984 3720 effugit.
999 3629 1137 3714 lterum,
1151 3649 1252 3719 quum
1265 3641 1392 3720 prater
1404 3632 1474 3698 Lo·

434 3770 506 3814 cros
518 3746 682 3839 Rhegium
696 3745 834 3839 pedibus
846 3746 922 3832 iret,
935 3758 967 3814 et
977 3746 1161 3839 prospectis
1172 3745 1352 3814 biremibus
1366 3751 1473 3816 Potn-

433 3867 556 3958 peianis
580 3881 700 3934 terram
726 3865 927 3958 legentibus,
950 3889 1024 3936 suas
1048 3879 1157 3950 ratus,
1179 3863 1406 3935 descendisset
1430 3868 1475 3935 ad

433 3985 524 4072 litus,
539 4009 631 4078 paene
643 3999 798 4078 exceptus
812 3999 871 4052 est.
890 3989 985 4053 Tunc
999 3987 1097 4052 etiarn
1114 4007 1173 4077 per
1187 3981 1299 4052 devios
1313 3989 1478 4056 tramites

433 4105 646 4198 refugientem
655 4129 768 4171 servus
777 4103 899 4170 AEntilii
910 4102 1018 4188 Pauli,
1029 4105 1156 4170 comitis
1166 4105 1251 4195 ejus,
1261 4103 1382 4172 dolens
1396 4131 1474 4200 pro
