3108 5434
446 531 449 537 A
553 489 738 547 TIBERIUS.
1093 489 1144 560 157

117 631 188 700 quae
196 605 321 697 justam
332 607 514 678 excederet.
532 613 635 682 Latus
654 612 696 682 ab
706 613 854 682 humeris
868 627 902 681 et
916 627 1048 706 pectore
1066 639 1074 682 ε
1091 639 1145 682 ce·

117 729 192 796 teris
212 752 347 822 quoquc
363 729 518 802 membris
538 755 641 824 usque
663 731 705 800 ad
728 732 811 802 imos
835 730 933 825 pedes
960 731 1093 826 equalis
1115 749 1148 802 et

117 869 320 940 congruens:
335 848 468 918 sinistra
485 875 586 919 manu
605 849 741 944 agiliore
758 877 797 920 ac
813 849 972 920 validiore
983 876 991 918 ε
1002 849 1148 921 articulis

118 965 159 1032 ita
175 964 294 1050 firmis,
316 981 354 1036 ut
374 951 536 1038 recenset
551 971 718 1065 integrum
738 969 863 1040 malum
883 970 987 1065 digito
1002 972 1148 1040 terebra-

118 1098 184 1170 ret;
203 1100 306 1179 caput
325 1088 439 1180 pueri,
455 1088 507 1157 vel
528 1091 628 1158 etiam
646 1087 881 1178 adolescentis,
906 1088 1016 1158 talitro
1033 1087 1148 1158 vulne·

118 1217 210 1270 taret
228 1202 354 1274 Colore
365 1222 435 1274 erat
450 1207 608 1296 candido,
623 1208 743 1303 capillo
753 1234 841 1302 pone
856 1207 1047 1304 occipitium
1058 1235 1148 1278 sunr-

118 1322 280 1408 missiorc‚
302 1339 340 1392 ut
358 1327 517 1394 cervicem
536 1329 634 1403 etiam
651 1329 842 1421 obtegeret,
862 1327 952 1422 quod
972 1326 1094 1422 gentile
1113 1330 1148 1397 in

117 1437 172 1508 illo
190 1442 393 1517 ridebatur:
416 1444 496 1514 sacie
516 1445 680 1516 honesta:
699 1449 733 1516 in
760 1471 826 1541 qua
851 1461 962 1515 tamen
986 1449 1092 1516 crebri
1115 1463 1149 1516 et

116 1561 215 1629 subiti
233 1577 397 1648 tumores,
415 1589 491 1633 curn
510 1565 758 1660 pregrandibus
777 1565 897 1654 oculis,
918 1567 1041 1660 etqui,
1059 1567 1149 1661 quod

116 1680 236 1749 mirum
250 1697 352 1770 esset,
367 1699 469 1752 noctu
486 1685 585 1754 etiam
602 1686 681 1754 etin
694 1685 837 1755 tenebris
854 1685 1017 1772 riderent,
1035 1685 1092 1754 sed
1106 1685 1148 1754 ad

116 1798 229 1886 breve,
242 1815 280 1870 et
290 1827 394 1894 quum
412 1804 584 1896 primuma
598 1828 715 1873 somno
727 1807 926 1898 patuissent;
946 1803 1065 1872 deinde
1075 1829 1149 1874 rur·

117 1944 187 1987 sum
214 1919 447 1992 hebescebant.
467 1923 644 1992 Incedebat
666 1925 792 1992 cervice
813 1921 919 2018 rigida
943 1937 976 1992 et
998 1923 1148 2018 obstipe:

117 2039 258 2110 adducto
278 2041 345 2112 fere
361 2033 473 2130 vultu,
492 2041 687 2136 plerumque
703 2044 823 2112 tacitus
840 2041 956 2112 :nullo
974 2057 1033 2114 aut
1049 2043 1149 2112 raris-

117 2159 197 2230 simo
224 2162 326 2230 etiam
349 2186 426 2230 cum
447 2163 607 2256 proximis
629 2185 795 2250 sermone,
817 2186 922 2255 eoque
946 2161 1148 2248 tardissimo,

118 2302 177 2346 nec
204 2280 279 2348 sine
300 2278 393 2350 molli
414 2275 558 2374 quadani
582 2279 763 2376 digitorum
783 2279 1043 2376 gesticulatione.
1065 2282 1149 2370 Quae

117 2399 225 2466 omnia
241 2400 392 2492 ingrata,
409 2414 508 2494 atque
520 2401 717 2493 arrogantie
731 2397 845 2493 plena,
863 2413 897 2468 et
914 2398 1149 2470 animadvertit

118 2520 286 2612 Augustus
304 2519 339 2586 in
355 2543 414 2606 eo,
427 2534 461 2588 et
475 2543 633 2588 excusare
646 2519 784 2590 tentavit
796 2543 880 2613 saepe
891 2518 980 2612 apud
998 2532 1148 2588 senatum
1268 2529 1271 2538 ’

118 2659 155 2704 ac
169 2636 348 2731 populum,
363 2637 545 2733 professus,
559 2667 578 2703 a
588 2651 714 2708 naturae
730 2638 811 2706 vitia
823 2661 907 2724 esse,
925 2661 992 2706 non
1009 2639 1148 2706 animi.»

119 2756 317 2826 valetudine
334 2759 556 2852 prosperrima
573 2782 651 2826 usus
664 2772 730 2843 est,
745 2770 895 2849 tempore
907 2755 1041 2848 quidem
1059 2757 1150 2849 prin-

117 2875 241 2969 cipatus
258 2901 353 2970 pune
368 2890 440 2945 toto
451 2901 556 2970 prope
565 2874 683 2959 illaesa3
699 2875 879 2967 quamvisa
895 2874 1060 2942 tricesimo
1074 2889 1150 2942 aeta·

118 2996 157 3063 tis
170 3021 260 3064 anno
277 2996 439 3066 arbitratu
455 3020 526 3066 eam
542 3021 602 3065 suo
618 2995 758 3083 rexerit,
777 2995 847 3064 sine
864 2993 1055 3088 adjumento
1072 3020 1149 3064 con-

113 3112 227 3183 siliove
245 3116 463 3184 medicorum.

162 3235 285 3302 LXIX.
311 3235 410 3302 Circa
427 3234 505 3304 deos
524 3260 563 3304 ac
581 3233 756 3330 religiones
773 3233 1010 3329 negligentior;
1026 3234 1149 3330 quippe

117 3352 265 3422 addictus
288 3353 546 3443 mathematicae,
568 3354 750 3448 plenusque
770 3354 1006 3448 persuasionis,
1029 3367 1149 3422 cuncta

116 3471 183 3541 lato
202 3475 268 3568 agi.
289 3474 450 3544 Tonitrua
471 3489 581 3544 tamen
602 3490 720 3568 prater
742 3473 879 3544 modum
898 3473 1148 3567 expavescebat:

116 3607 149 3660 ct
169 3593 353 3662 turbatiore
370 3591 453 3662 coelo
470 3620 640 3688 nunquam
661 3620 728 3662 non
749 3618 907 3662 coronam
928 3591 1073 3662 lauream
1094 3617 1149 3660 ca-

115 3715 183 3804 pite
212 3713 376 3808 gestavit,
409 3712 498 3806 quod
527 3712 664 3783 fulmine
690 3713 795 3784 afflari
822 3727 960 3808 negetur
985 3710 1019 3780 id
1046 3737 1149 3808 genus
1228 3798 1229 3803 ἵ

115 3829 252 3900 frondis.

165 3951 272 4018 Lxx.
297 3951 394 4020 Artes
408 3950 560 4022 liberales
578 3955 750 4046 utriusque
769 3951 896 4047 generis
915 3949 1149 4019 studiosissime

113 4063 233 4138 coluit.
249 4070 289 4138 lu
315 4071 463 4140 oratione
483 4069 585 4140 latina
607 4086 738 4142 secutus
758 4085 807 4140 est
825 4071 1006 4139 Corvinum
1024 4071 1149 4138 Messa·
