3114 5446
406 491 459 548 188
801 487 832 544 C.
852 483 1027 544 SUE'POMI

402 613 629 710 poenitentiam
651 607 829 696 simulans,
854 607 943 700 quod
969 603 1201 701 principalium
1225 631 1336 698 rerum
1359 611 1424 704 pri·
1538 602 1539 614 ¹

402 735 486 802 vatis
511 732 640 825 copiam
662 728 790 800 faceret.
816 729 1051 821 Compererat,
1074 724 1311 820 provincialem
1336 725 1424 798 locu·

403 851 523 946 pletem
539 849 680 918 ducenta
697 847 845 916 sestertia
862 868 1052 914 numerasse
1068 845 1295 932 vocatoribus,
1311 861 1350 915 ut
1369 872 1425 940 per

403 969 567 1039 fallaciam
585 966 740 1036 convivio
756 964 1036 1058 interponeretur,
1052 986 1114 1032 nec
1131 961 1252 1032 tulerat
1269 963 1423 1052 moleste,

403 1103 470 1155 tam
492 1109 612 1179 magno
629 1084 783 1154 aestimari
803 1083 964 1153 honorem
981 1105 1081 1150 coenae
1096 1105 1171 1150 suae.
1190 1085 1276 1150 Huic
1293 1095 1426 1176 postero

404 1205 456 1272 die
480 1203 604 1273 sedenti
630 1205 665 1271 in
693 1202 848 1271 auctione
871 1201 980 1288 misit,
1005 1201 1061 1293 qui
1085 1201 1196 1270 nescio
1218 1201 1298 1294 quid
1317 1199 1425 1270 frivoli

404 1320 553 1392 ducentis
578 1319 723 1392 millibus
749 1319 914 1404 traderet,
943 1318 1155 1412 diceretque,
1180 1349 1197 1384 e
1220 1335 1425 1390 manaturum

404 1443 492 1536 apud
512 1446 692 1526 Caesarem,
711 1453 829 1508 vocatu
850 1439 996 1532 ipsius.»

453 1563 524 1630 XL.
550 1557 733 1651 Vectigalia
760 1581 845 1625 nova
874 1572 973 1649 atque
1002 1555 1172 1643 inaudita,
1200 1557 1342 1650 primum
1369 1584 1429 1652 per

404 1677 615 1774 publicanos,
631 1674 768 1762 deinde,
785 1677 863 1768 quia
881 1672 1010 1743 lucrum
1027 1675 1246 1765 exuberabat,
1266 1702 1326 1770 per
1351 1702 1429 1746 cen·

405 1799 550 1866 turiones
567 1795 784 1886 tribunosque
798 1793 1010 1894 prtetorianos
1027 1796 1186 1880 exercuit,
1204 1793 1296 1864 nullo
1313 1820 1426 1865 rerum

405 1930 462 1984 aut
485 1916 657 1984 hominum
684 1935 803 2006 genere
830 1912 974 1996 omisso,
1001 1913 1054 1981 cui
1074 1938 1141 1982 non
1166 1914 1281 1982 tributi
1302 1914 1428 2008 aliquid

405 2037 596 2126 imponeret.
614 2036 680 2101 Pro
700 2029 869 2115 edulibus,
885 2053 959 2122 quoe
977 2044 1047 2098 tota
1064 2030 1155 2100 Urbe
1172 2033 1339 2116 venirent,
1357 2059 1430 2102 cer·

406 2167 475 2220 tum
494 2164 717 2241 statutumque
729 2147 941 2244 exigebatur:
960 2173 1021 2242 pro
1041 2148 1150 2218 litibus
1165 2163 1265 2242 atque
1277 2151 1429 2244 judiciis,

405 2269 594 2360 ubicunque
620 2266 807 2359 conceptis,
836 2264 1083 2362 quadragesima
1110 2291 1265 2357 summae,
1293 2268 1334 2337 de
1362 2295 1431 2364 qua

405 2384 611 2480 litigaretur;
627 2409 686 2452 nec
706 2385 776 2452 sine
796 2407 911 2476 poena,
929 2385 956 2452 si
975 2386 1047 2476 quis
1063 2388 1282 2480 composuisse
1298 2386 1350 2456 vel
1369 2388 1432 2456 do·

406 2529 500 2574 nasse
523 2503 691 2596 negotium
716 2501 966 2570 convinceretur
990 2527 999 2570 r
1023 2527 1062 2570 ex
1084 2502 1274 2596 gerulorum
1300 2505 1432 2575 diurnis

406 2624 586 2715 quaestibus
617 2646 693 2714 pars
724 2634 864 2706 octava,
900 2643 940 2688 ex
968 2623 1114 2714 capturis
1148 2625 1433 2716 prostitutarum,

406 2756 568 2834 quantum
589 2763 726 2834 quaeque
747 2763 815 2808 uno
835 2739 1012 2808 concubitu
1032 2755 1183 2810 mereret.
1201 2741 1435 2838 Additumque

406 2857 448 2926 ad
466 2874 566 2953 caput
583 2857 683 2952 legis,
703 2870 741 2925 ut
761 2871 951 2926 tenerentur
967 2856 1120 2950 publico,
1136 2872 1169 2927 et
1187 2885 1260 2952 qum
1278 2864 1437 2931 meretri-

406 2979 513 3063 cium,
538 2990 572 3044 et
594 2977 650 3068 qui
673 2973 873 3044 lenocinium
894 2974 1064 3062 fecissent3
1085 3000 1147 3046 nec
1169 3003 1236 3048 non
1259 2994 1293 3049 et
1315 2981 1439 3050 matri·

405 3095 517 3162 monia
534 3093 676 3162 obnoxia
690 3109 806 3163 essent.

452 3215 540 3282 XLI.
559 3211 730 3304 Ejusmodi
747 3211 956 3308 vectigalibus
979 3215 1128 3304 indictis,
1144 3241 1250 3310 neque
1273 3221 1439 3313 proposi-

405 3331 469 3418 tis,
493 3353 595 3422 quum
617 3329 677 3422 per
695 3331 914 3424 ignorantiam
935 3335 1104 3427 scripturae
1124 3335 1229 3405 multa
1252 3339 1441 3408 commissa

405 3448 542 3536 flerent,
559 3447 691 3530 tandem
710 3449 878 3542 flagitante
896 3450 1020 3544 populo
1036 3457 1208 3547 proposuit
1227 3455 1362 3549 quidem
1388 3456 1442 3526 le·

405 3589 493 3662 gem,
508 3567 565 3636 scd
584 3583 617 3637 et
633 3569 857 3638 minutissimis
877 3568 1013 3660 litteris,
1030 3587 1063 3640 et
1079 3575 1310 3667 angustissimo
1330 3573 1446 3666 loco,

405 3688 453 3754 uti
470 3711 511 3753 ne
526 3688 580 3754 cui
596 3684 779 3756 describere
792 3685 915 3756 liceret.
929 3691 995 3777 Ao,
1008 3714 1050 3759 ne
1066 3691 1159 3786 quod
1170 3717 1237 3762 non
1255 3696 1445 3766 manubia·

400 3827 479 3872 rum
505 3827 609 3898 genus
628 3805 848 3898 experiretur,
867 3803 1007 3898 lupanar
1025 3809 1062 3876 in
1082 3807 1208 3878 Palatio
1229 3813 1416 3884 constituit
1435 3843 1445 3884 ε

405 3921 628 4014 distinctisque
644 3937 677 3990 et
692 3923 858 3992 instructis
871 3949 931 4017 pro
945 3923 1009 3995 loci
1025 3925 1187 4021 dignitate
1200 3929 1451 4024 compluribus

405 4039 508 4124 cellis,
523 4040 555 4106 in
572 4040 691 4132 quibus
709 4053 867 4108 matronae
883 4043 1082 4137 ingenuique
1100 4061 1240 4134 starent,
1257 4049 1348 4120 misit
1371 4055 1451 4122 cir·
