3098 5446
503 536 712 594 VITELLIUS.
1091 533 1126 592 31

100 661 145 738 tici
163 659 359 754 imperavit:
383 662 516 757 egregie
543 667 679 756 p'rorsus
698 631 799 754 atque
824 657 1014 754 magnifiee,
1037 675 1070 730 et
1087 674 1126 730 ut

100 781 205 855 summi
225 780 385 875 principis
398 805 493 876 spem
517 779 729 873 ostenderet,
750 779 943 856 nisieetera
962 780 1068 875 magis
1086 803 1127 850 ex

97 917 219 988 natura,
245 915 279 972 et
295 902 408 996 priore
429 902 497 972 vita
521 926 602 987 sua,
623 925 725 994 quam
744 925 785 971 ex
802 901 935 995 imperii
957 900 1124 994 majestate

94 1022 244 1116 gessisset
264 1023 417 1116 Namque
434 1021 554 1092 itinere
571 1020 747 1107 inchoato,
764 1044 824 1116 per
837 1019 963 1108 medias
977 1020 1129 1100 civitates

95 1143 151 1210 ritu
175 1141 453 1234 triumphantium
479 1157 595 1212 vectus
612 1156 661 1212 est
679 1169 687 1211 τ
707 1165 833 1242 perque
849 1139 988 1218 flumine
1008 1139 1125 1220 delica-

93 1261 218 1344 tissimis
240 1261 401 1356 navigiis,
430 1276 463 1331 et
485 1263 652 1332 variarum
680 1285 882 1332 coronarum
900 1283 1022 1356 genere
1040 1261 1127 1332 redi·

92 1381 189 1468 mitis,
209 1381 299 1450 inter
317 1380 563 1475 profusissimos
578 1383 796 1478 opsoniorum
815 1396 1016 1476 apparatus,
1037 1379 1128 1452 nulla

90 1500 217 1572 familiae
248 1514 308 1570 aut
333 1498 448 1570 militis
466 1500 661 1596 disciplina,
691 1503 825 1596 rapinas
849 1525 889 1572 ae
908 1499 1125 1604 petulantiam

86 1623 233 1692 omnium
253 1623 289 1690 in
306 1621 420 1716 jocum
442 1635 590 1710 vertens,
605 1623 665 1715 qni
680 1646 749 1692 non
765 1623 915 1692 contenti
935 1619 1035 1717 epulo
1054 1621 1127 1692 ubi·

86 1765 147 1835 que
164 1741 302 1838 publice
321 1743 483 1837 praebito,
504 1765 723 1836 quoscunque
740 1740 909 1828 libuisset,
927 1742 961 1812 in
991 1740 1127 1812 libertu-

86 1875 148 1932 tem
165 1863 378 1951 asserebant,
403 1863 543 1932 verbera
559 1875 593 1930 et
614 1859 745 1955 plagas,
768 1885 855 1956 saepe
872 1859 1027 1952 vulnera,
1042 1887 1127 1932 non-

82 2006 258 2078 nunquam
279 2006 411 2068 necem,
441 1995 714 2077 repraesentantes
733 1980 995 2056 adversantibus.
1017 1986 1129 2078 thue

82 2128 235 2198 campos,
269 2106 303 2174 in
331 2103 454 2197 quihus
473 2116 660 2198 pugnatum
693 2117 759 2191 est,
788 2101 890 2192 adiit,
910 2102 1128 2173 abhorrentes

80 2224 245 2316 quosdam
263 2221 465 2294 cadaverum
484 2223 615 2309 tabem,
630 2219 816 2292 detestabili
835 2247 916 2292 voce
931 2222 1130 2302 confirmare

52 2347 57 2352 '
78 2368 178 2424 ausus
197 2360 254 2417 est
276 2369 284 2414 ε
305 2373 323 2410 α
337 2344 475 2439 Optime
502 2341 594 2414 olere
620 2343 766 2412 occisum
784 2343 933 2431 hostem,
951 2357 986 2412 et
1009 2341 1127 2412 melius

79 2466 232 2536 civem.»
260 2465 333 2536 Nec
352 2489 391 2534 eo
416 2465 523 2538 secius
537 2461 581 2534 ed
599 2461 784 2534 leniendam
802 2463 997 2558 gravitatem
1016 2462 1128 2532 odoris

75 2583 269 2680 plurimum
280 2586 365 2656 meri
377 2583 551 2681 propalam
567 2582 693 2672 hausit,
708 2584 898 2678 passimque
910 2579 1031 2650 divisit.
1050 2583 1127 2652 Pari

73 2709 225 2782 vanitate
257 2721 359 2800 atque
382 2703 558 2776 insolentia
588 2701 750 2799 lapidem,
779 2699 959 2774 Mentorice
984 2701 1131 2774 Othonis

69 2829 307 2924 inscriptum,
325 2828 477 2914 intuens,
500 2855 518 2892 α
536 2824 676 2920 dignum
693 2848 734 2894 eo
753 2819 953 2892 mausoleo»
970 2823 1017 2892 ait
1039 2846 1047 2890 :
1065 2847 1129 2916 pu·

66 2949 304 3044 gionemque,
328 2972 396 3041 quo
416 2947 444 3016 is
466 2971 501 3016 se
522 2945 706 3030 occiderat,
718 2945 760 3018 ¹in
780 2944 1059 3038 Agrippinensem
1074 2965 1130 3010 eo·

68 3067 202 3140 loninm
233 3069 351 3152 misit,
370 3068 472 3138 Marti
497 3063 729 3142 dedicendum.
750 3066 790 3132 In
807 3063 976 3157 Apennini
993 3061 1130 3156 quidem
1205 3103 1210 3121 κ

63 3180 153 3288 jugis
173 3193 290 3264 etiam
310 3188 521 3294 pervigilium
539 3189 617 3284 egit.
897 3189 903 3204 “

113 3315 179 3384 xl.
201 3310 343 3383 Urbem
365 3309 510 3402 denique
527 3308 569 3378 ad
588 3306 764 3378 classicum
785 3305 915 3377 introiit
934 3302 1133 3401 paludatus,

64 3433 239 3527 ferroque
261 3431 472 3518 succinctus,
490 3428 689 3523 intersigna
707 3441 807 3521 atque
823 3424 962 3514 vexilla,
976 3423 1133 3522 sagulatis

58 3554 260 3623 comitibus
269 3603 281 3640 ,
291 3575 330 3620 ac
340 3548 477 3620 detectis
486 3546 753 3620 commilitonum
764 3548 875 3617 armis.
889 3547 998 3642 Magis
1012 3545 1133 3618 deinde
1203 3543 1213 3555 ’

58 3701 99 3748 ac
128 3675 256 3772 magis
290 3673 382 3748 omni
409 3671 524 3742 divino
546 3671 760 3764 humanoque
782 3670 859 3763 jure
882 3667 1053 3764 neglecto,
1071 3665 1131 3740 hl-

57 3797 161 3868 liensi
183 3797 251 3866 die
275 3793 507 3889 pontificatum
532 3792 713 3862 maximum
732 3791 846 3888 cepit:
868 3791 1002 3860 comitia
1024 3792 1057 3859 in
1074 3787 1132 3858 de-

53 3947 132 3992 cern
150 3940 285 3992 annos
295 3913 481 4000 ordinavit,
499 3937 601 4008 seque
617 3926 817 4007 perpetuum
832 3908 1012 3981 consulem.
1031 3913 1076 3982 Et
1092 3935 1134 3980 ne

53 4043 110 4114 cui
134 4039 304 4112 dubium
325 4035 427 4121 loret,
457 4031 548 4127 quod
568 4031 737 4127 exemplar
763 4031 915 4126 regende
939 4028 1130 4126 reipublice

51 4165 229 4260 eligeret,
250 4155 367 4228 medio
387 4155 515 4226 Martio
532 4177 666 4247 campo,
683 4151 833 4222 adhibite
850 4149 1061 4246 publicorum
1078 4177 1131 4221 sn-
