3108 5434
483 513 666 570 ocrsvrus
687 514 889 570 incussus,
1155 537 1188 592 91

162 632 326 724 sepsitque
350 635 486 728 insuper
511 637 660 706 custodia
685 635 837 706 militum.
859 639 954 708 Cavit
978 640 1076 708 etiarn
1100 664 1192 708 sena-

163 750 389 842 tusconsulto,
408 767 447 822 ut
465 754 578 824 eodem
598 753 662 826 loci
681 757 715 826 in
734 769 931 850 perpetuum
949 760 1192 845 contineretur3

161 883 261 962 atque
281 872 323 941 ad
344 897 477 946 omnem
499 890 534 946 et
552 876 624 970 ejus
643 891 677 945 et
695 874 858 946 luliarum
880 879 1079 948 mentionem
1102 879 1193 973 inge·

164 989 317 1078 miscens,
332 991 538 1085 proclamare
556 997 653 1066 ctiam
673 993 812 1084 solebat,

216 1173 282 1236 Al?
295 1178 391 1250 'lactor
407 1181 527 1260 ἄγαμός
542 1184 570 1242 r‘
585 1179 700 1255 latrat,
717 1183 821 1263 ἄγονός
834 1187 864 1243 τ’
879 1181 1057 1246 iconicum·

160 1378 223 1424 nec
238 1353 334 1423 aliter
345 1381 400 1426 eos
413 1355 594 1450 appellare,
605 1382 706 1451 quam
718 1373 785 1428 tres
797 1361 954 1448 vomicas,
971 1373 1029 1430 aut
1045 1362 1105 1429 tria
1123 1385 1193 1430 car-

161 1489 329 1543 cinomata
344 1499 412 1544 sua

207 1595 331 1664 vat.
355 1597 523 1666 Amicitias
541 1621 648 1691 necque
667 1597 761 1668 facile
780 1599 929 1688 admisit,
946 1615 980 1669 et
995 1603 1192 1670 constantis·

159 1713 242 1780 sime
262 1714 415 1800 retinuit;
436 1742 503 1785 non
524 1731 654 1786 tantum
677 1719 815 1788 virtutes
838 1743 875 1786 ac
894 1719 1009 1787 merita
1033 1719 1193 1812 cujusque

159 1831 261 1924 digne
279 1849 488 1926 prosecutus,
506 1835 562 1904 sed
579 1838 660 1906 vitia
675 1861 809 1931 quoque
827 1851 860 1906 et
876 1835 1012 1926 delicta,
1032 1839 1192 1910 duntaxat

159 1951 309 2036 modica,
324 1977 505 2048 perpessus.
522 1957 638 2050 Neque
651 1960 739 2025 enim
753 1973 876 2026 temere
891 1981 931 2026 ex
946 1960 1036 2026 omni
1054 1983 1192 2027 numero

159 2071 196 2138 in
214 2067 358 2140 nniicitia
378 2074 448 2167 ejus
467 2061 578 2144 afflicti
595 2078 815 2170 reperientur,
832 2091 951 2171 praeter
967 2077 1191 2146 Salvidienum

159 2190 307 2279 Rufitm,
324 2217 420 2284 quem
438 2193 480 2262 ad
495 2194 703 2264 consulatum
720 2221 839 2290 usque,
854 2211 888 2265 et
903 2194 1093 2266 Cornelium
1111 2197 1190 2267 Gal-

109 2403 113 2408 .
158 2309 247 2397 lum,
261 2313 415 2403 quemad
431 2313 658 2407 prefecturam
672 2317 820 2410 AEgypti,
833 2341 872 2384 ex
887 2315 998 2383 infima
1012 2331 1191 2409 utrumque

157 2431 299 2500 fortuna
311 2447 514 2523 provexerat
529 2435 683 2522 Quorum
697 2433 853 2523 alterum,
870 2459 922 2504 res
938 2459 1040 2504 novas
1056 2435 1192 2505 molien-

155 2565 242 2634 tem,
267 2548 489 2620 damnandum
509 2555 636 2622 senatui
652 2554 790 2622 tradidit
807 2579 815 2622 :
835 2553 945 2640 alteri,
963 2555 1006 2622 ob
1023 2555 1190 2650 ingratum

154 2687 190 2739 et
217 2667 416 2740 malevolum
437 2672 600 2760 animum,
625 2673 724 2743 domo
746 2689 779 2742 et
801 2675 979 2767 provinciis
1001 2674 1068 2742 suis
1092 2675 1192 2742 inter-

154 2792 255 2860 dixit.
277 2790 343 2860 Sed
361 2789 459 2860 Gallo
477 2815 611 2885 quoque
629 2808 662 2860 et
681 2807 911 2880 accusatorum
930 2791 1192 2860 denunciationi-

153 2912 223 2980 bus
249 2924 286 2978 et
308 2913 598 2982 senatusconsultis
625 2911 667 2980 ad
698 2937 810 2980 necem
835 2909 1022 3005 compulso,
1046 2908 1193 2978 laudavit

153 3029 296 3123 quidem
313 3031 466 3122 pietatem
483 3045 575 3100 tanto
591 3055 690 3125 opere
704 3057 766 3126 pro
781 3055 816 3100 se
832 3030 1093 3125 indignantium
1109 3047 1192 3102 cete-
1257 3091 1261 3098 .

153 3175 235 3219 rum
264 3163 299 3218 et
324 3146 557 3243 illacrymavit,
583 3166 617 3220 et
644 3152 748 3220 vicem
777 3175 869 3220 suam
898 3166 1098 3245 conquestus
1123 3167 1190 3238 est,

153 3299 171 3334 ι
184 3268 283 3362 quod
306 3267 368 3336 sibi
392 3267 452 3338 soli
480 3295 547 3338 non
571 3268 705 3356 liceret,
728 3272 860 3358 amicis,
886 3285 1049 3364 quatenus
1074 3269 1191 3358 vellet,

154 3389 297 3456 insci.»
311 3386 442 3482 Reliqui
458 3391 605 3483 potentia
621 3405 721 3484 atque
737 3390 854 3484 opibus
871 3389 913 3458 ad
929 3391 1028 3460 finem
1050 3392 1123 3460 vitae
1140 3391 1190 3459 sui

154 3508 322 3601 cujusque
352 3507 475 3577 ordinis
502 3510 667 3602 principes
696 3508 900 3596 floruerunt,
930 3532 1129 3601 quamquam
1159 3522 1191 3576 et

154 3627 296 3696 offensis
307 3628 610 3696 intervenientibus.
622 3627 830 3697 Desideravit
838 3629 926 3698 enim
936 3651 1190 3720 nonnunquam,

154 3772 202 3815 ne
224 3747 265 3816 de
287 3745 437 3840 pluribus
459 3747 614 3834 referam,
636 3763 670 3816 et
687 3751 736 3816 M.
756 3749 908 3842 Agrippae
927 3747 1136 3840 patientiam,
1157 3761 1190 3813 et

152 3867 350 3934 Maeoenatis
366 3868 639 3952 taciturnitatem,
653 3891 757 3959 quum
776 3865 830 3934 ille
847 3891 886 3934 ex
903 3865 966 3934 levi
981 3865 1099 3957 rigoris
1116 3887 1187 3931 sus·

151 3986 302 4076 picione‚
321 3999 355 4053 et
373 3986 464 4078 quod
480 3984 658 4055 Marcellus
681 3985 743 4053 sibi
762 3985 993 4070 anteferretur,
1013 3979 1188 4074 Mytilenas

151 4127 211 4188 se,
230 4103 348 4174 relictis
367 4106 540 4189 omnibus,
561 4103 766 4190 contulisset3
786 4105 840 4172 hic
861 4117 1021 4170 secretum
1042 4100 1082 4168 de
1101 4127 1188 4170 com-
