3114 5446
506 551 513 570 ·
538 532 644 588 NERO.
1047 533 1101 601 aab

102 671 182 724 vante
209 655 296 749 vulgi
326 679 436 749 preces
461 657 558 723 etiam
584 656 722 723 statione
747 653 906 738 militum,
927 679 999 746 qua
1024 671 1102 724 tunc

105 775 290 860 excubabat,
307 755 610 866 repraesentaturum
627 797 662 842 se
678 771 843 865 pollicitus
860 789 909 842 est
931 771 1050 860 libens;
1065 801 1103 844 ac

102 895 159 960 sine
173 917 265 961 mora
281 916 399 961 nomen
418 915 513 960 suum
530 893 564 960 in
581 891 656 960 albo
670 883 894 986 profitentium
912 891 1103 962 citharoedo-

102 1037 163 1080 rum
180 1012 277 1102 jussit
303 1011 439 1094 ascribi;
456 1009 673 1102 sorticulaque
697 1011 730 1078 in
754 1035 869 1079 urnam
892 1035 967 1079 cum
988 1014 1103 1081 ceteris

102 1129 245 1216 demissa,
259 1131 394 1198 intravit
410 1128 524 1197 ordine
540 1153 620 1214 suo,
635 1129 731 1198 simul
750 1129 890 1224 praelecti
902 1132 1045 1224 pretorii
1059 1134 1104 1198 ci·
1159 1163 1163 1174 ·

101 1249 213 1316 tharam
251 1249 463 1332 sustinentes,
495 1263 569 1340 post
602 1248 725 1316 tribum
759 1246 921 1334 militum,
947 1250 1104 1341 juxtaque

102 1367 266 1434 amicorum
297 1367 413 1433 intimi.
432 1369 543 1458 thue
565 1367 729 1450 constitit,
758 1381 890 1460 peracto
922 1368 1103 1460 principio,

100 1483 216 1552 Nioben
234 1507 270 1551 se
285 1497 513 1570 cantaturum,
530 1509 590 1576 per
601 1483 755 1552 Cluvium
768 1485 892 1555 Rufum
901 1485 1103 1554 consularem

100 1604 335 1693 pronunciavit,
352 1617 385 1670 et
408 1605 441 1670 in
463 1604 577 1670 boram
596 1603 664 1670 fere
683 1603 840 1672 decimam
862 1607 1103 1698 perseveravit:

98 1745 308 1815 coronamque
325 1746 395 1790 eam
412 1737 444 1790 et
466 1721 624 1814 reliquam
644 1724 829 1790 certaminis
846 1738 973 1817 partem
992 1727 1026 1792 in
1045 1750 1103 1793 an-

100 1865 168 1908 num
182 1854 374 1933 sequentem
393 1839 536 1927 distulit,
555 1856 592 1909 ut
617 1842 732 1933 sapius
749 1840 886 1910 canendi
908 1843 1035 1910 occasio
1054 1868 1103 1910 es·

98 1973 146 2028 tet.
159 1959 260 2047 Quod
280 1985 382 2052 quum
406 1959 535 2028 tardum
554 1959 730 2042 videretur,
746 1985 811 2028 non
829 1941 966 2028 cessavit
987 1961 1106 2029 identi-

97 2078 161 2146 dem
171 2103 207 2148 se
216 2079 393 2173 publicare.
407 2081 482 2148 Non
494 2079 655 2146 dubitavit
663 2081 761 2146 etiam
772 2081 906 2171 privatis
915 2079 1106 2172 spectaculis

97 2221 224 2290 operam
243 2199 331 2266 inter
353 2199 495 2266 scenicos
517 2196 614 2283 dare,
633 2197 774 2289 quodam
794 2211 971 2290 praetorum
992 2213 1105 2266 sester-

96 2317 170 2384 tium
185 2315 293 2384 decies
310 2316 476 2385 offerente.
490 2315 677 2408 Tragoedias
691 2339 821 2407 quoque
836 2318 979 2384 cantavit
996 2339 1105 2408 perso·

94 2452 205 2522 natns;
220 2436 359 2504 heroum
377 2436 593 2526 deorumque,
614 2437 692 2502 item
712 2434 882 2502 heroidum
907 2459 945 2502 ac
971 2434 1106 2502 dearum

96 2557 236 2646 pesonis
257 2555 378 2624 effectis
399 2555 441 2622 ad
462 2552 705 2622 similitudinem
727 2555 792 2620 oris
815 2555 885 2640 sui,
906 2567 938 2622 et
960 2553 1105 2637 semime,

96 2689 185 2764 prom
202 2697 368 2766 quamque
378 2671 537 2767 diligeret.
552 2676 642 2739 Inter
654 2686 761 2738 cetera
774 2673 916 2740 cantavit
933 2673 1106 2738 «Canacen

92 2795 345 2883 parturientem,
362 2795 501 2861 Oresten
513 2789 738 2874 matricidam,
754 2787 960 2880 OEdipodem
974 2811 1108 2856 excaeca·

95 2928 178 3002 turn,
195 2912 371 2984 Herculem
386 2915 577 2980 insanum.»
597 2915 635 2978 ln
658 2933 723 3003 qua
740 2907 849 2976 fabula
868 2909 952 2976 fama
978 2924 1047 2994 est,
1066 2910 1108 2976 ti-

93 3033 265 3102 rnnculum
283 3032 433 3120 militem,
448 3033 590 3124 positum
608 3029 648 3098 ad
667 3027 849 3097 custodiam
867 3027 992 3111 aditus,
1006 3051 1107 3119 quum

92 3175 162 3220 eum
182 3154 295 3221 ornari
312 3177 350 3221 ac
368 3152 484 3220 vinciri
499 3151 639 3236 catems,
659 3152 743 3217 sicut
758 3162 987 3240 argumentum
1002 3161 1109 3241 postu·

93 3267 193 3358 labat,
213 3269 354 3355 videret,
374 3272 550 3339 accurrisse
565 3266 706 3336 ferendae
724 3267 795 3359 opis
813 3267 925 3359 gratia.

134 3393 245 3459 xxti.
261 3394 429 3484 Eqwrum
445 3387 552 3457 studio
572 3386 620 3454 vel
639 3388 800 3480 precipue
814 3385 856 3452 ab
872 3387 1004 3452 ineunte
1016 3397 1109 3485 atate

90 3507 258 3602 flagravit,
276 3507 501 3601 plurimusque
518 3505 565 3573 illi
579 3529 703 3590 sermo,
721 3514 918 3595 quamquam
933 3517 1109 3585 vetaretur,

87 3626 127 3695 ‹le
152 3629 355 3698 circensibus
382 3642 451 3696 erat
480 3652 488 3693 :
517 3641 549 3694 et
575 3624 740 3717 quondam
773 3637 912 3690 tractum
940 3623 1108 3714 prasinum

86 3747 280 3840 agitatorem
299 3747 384 3815 inter
402 3743 641 3839 condiscipulos
658 3767 811 3835 querens,
829 3742 1022 3834 objurgante
1039 3761 1108 3804 ma·

88 3866 210 3956 gistm,
231 3865 271 3934 de
296 3869 438 3934 Hectore
459 3889 493 3933 se
511 3863 620 3956 loqui,
641 3864 814 3932 ementitus
840 3875 898 3928 est.
922 3856 985 3926 Sed
1006 3879 1109 3947 quum

85 3983 176 4052 inter
191 3985 284 4052 initia
297 3985 425 4079 imperii
439 3984 590 4052 eburneis
602 3979 768 4075 quadrigis
788 3976 933 4071 quotidie
950 3978 982 4042 in
1004 3975 1107 4040 abaco

85 4097 237 4186 luderet,
266 4104 305 4172 ad
331 4127 444 4170 omnes
466 4103 560 4170 etiam
585 4102 736 4168 minimos
760 4099 919 4167 circenses
943 4117 961 4160 e
984 4115 1108 4160 secessu
