3208 5430
528 524 567 579 IN
590 523 799 579 cantutari.
1124 525 1180 582 aaa

192 639 256 696 Car.
271 639 376 696 XXIV.
397 637 572 692 bucennaii.
594 640 617 693 l.
639 656 662 692 e.
680 650 804 708 quorum
821 635 994 708 stipendium
1014 650 1105 694 essent
1124 641 1180 693 dn-
1254 705 1255 708 Ἴ

150 747 226 784 cena
241 730 375 786 sestertia.
396 727 468 796 Dio,
483 745 596 800 n111,p.
616 727 670 782 506
687 725 694 781 ὲ
710 735 781 786 «καὶ
797 737 846 794 τοῖς
859 735 995 804 teleptense
1009 737 1059 788 inl
1073 743 1115 790 eet
1132 739 1182 807 ap·

151 835 211 898 tpoi
226 836 273 880 τῶν
288 824 422 898 διδομένων
438 829 518 887 αὐτοῖς
535 830 664 898 χρημάτων
680 828 853 896 προσγίγνεται.

191 925 346 989 Provatcia.
360 926 426 994 Quo
440 922 552 980 mittere
561 934 715 997 quaestores
727 925 872 998 Augustam
885 923 1000 994 solitus,
1010 934 1079 980 teste
1087 925 1182 994 Dion,

154 1033 200 1086 ιι,
215 1034 244 1090 p.
267 1013 332 1072 551.

191 1107 313 1161 Satttrnt'.
330 1105 372 1161 Ci.
388 1106 462 1180 Aug.
470 1147 480 1172 ‚
493 1123 594 1160 xxxvi.

194 1213 285 1268 Dedit.
302 1212 389 1268 Tacit.
398 1253 408 1282 ,
423 1214 540 1281 Aranni,
557 1229 624 1281 xta,
644 1212 660 1267 3
677 1231 683 1266 :
700 1235 712 1261 a
729 1214 761 1268 L.
776 1211 874 1268 Silano
887 1213 1077 1286 despondent
1095 1215 1183 1274 Octa-

152 1302 226 1358 viam
243 1303 343 1372 Caesar,
355 1302 546 1375 juvenemque
561 1312 589 1356 et
602 1300 655 1356 alia
669 1303 793 1371 claram,
812 1301 914 1378 insigni
929 1303 1140 1376 triumphalium
1154 1315 1182 1362 et

151 1392 311 1467 gladiatorii
326 1392 450 1448 muneris
463 1391 683 1466 magnificentia,
700 1394 859 1464 protulerat
872 1394 909 1464 ad
922 1394 1016 1450 studia
1028 1393 1114 1469 vulgi
1131 1419 1144 1444 υ

191 1484 312 1539 Plautio.
327 1487 369 1539 De
382 1485 436 1538 hoc
449 1484 554 1552 Tacit„
568 1489 654 1558 Aga,
669 1501 718 1538 ιιι
739 1503 747 1538 :
761 1484 981 1542 «Consularium
1002 1486 1109 1558 primus
1122 1491 1181 1544 Au·

151 1575 194 1630 lus
206 1575 332 1630 Plautius
350 1575 499 1630 Britanniae
516 1575 699 1647 praepositus,
712 1583 740 1628 et
754 1577 907 1632 consularis
928 1578 1043 1652 legatus.
1060 1601 1072 1626 a

195 1665 282 1718 Texit.
297 1667 332 1720 Η.
350 1683 374 1719 e.
390 1665 426 1718 ad
443 1663 582 1718 sinistram
603 1665 664 1720 fuit.

194 1752 321 1824 Chaucis.
336 1770 447 1824 Tacitus
463 1779 577 1838 contra,
597 1774 718 1837 Annal„
733 1791 777 1840 xa,
801 1774 851 1841 18,
866 1783 894 1827 et
910 1773 980 1844 Dio,
995 1791 1047 1842 ax,
1065 1793 1091 1846 p.
1111 1773 1185 1842 685,
1271 1801 1274 1808 ⁴

152 1879 168 1915 a
183 1862 347 1917 Corbulone
363 1862 446 1917 fuisse
460 1861 586 1917 devictos
601 1864 728 1920 Chaucos
744 1875 867 1920 narrant.

194 1966 258 2020 Car.
278 1967 371 2020 XXV.
386 1966 516 2020 Militiae.
535 1965 578 2020 Sc.
596 1965 701 2022 militiae
718 1967 841 2040 gradus,
856 1967 907 2040 qui
928 1969 1061 2040 equestris
1080 1971 1184 2024 ordinis

153 2056 314 2112 bominibus
330 2057 480 2112 dabantur.
857 2060 860 2066 '

194 2148 346 2220 Stipendia.
362 2149 469 2221 Nempe
489 2145 685 2222 imaginaria:
708 2149 758 2224 qui
778 2150 947 2220 imaginaria
969 2149 1110 2220 stipendia
1132 2170 1184 2226 per

154 2251 247 2296 certos
267 2258 355 2294 annos
373 2250 550 2308 meruerant,
569 2238 602 2294 iis
624 2239 679 2294 buc
697 2239 900 2312 imputabatur,
920 2250 1055 2314 tauquam
1081 2241 1183 2314 justam

152 2332 278 2387 militiam
292 2349 344 2402 per
357 2329 432 2385 idem
446 2340 556 2403 tempus
575 2329 713 2386 iecissent.

192 2426 327 2496 Ingratos.
342 2425 431 2478 intell.
447 2423 566 2477 libertos.
582 2423 683 2492 Pauli,
700 2425 829 2496 Digest,
844 2437 965 2492 xxxvii,
984 2432 1016 2488 ti
1037 2445 1043 2479 :
1059 2427 1185 2498 «Ingra-

152 2527 197 2568 tae
209 2513 327 2568 libertus
339 2525 398 2581 est,
412 2513 463 2586 qui
476 2523 599 2585 patrono
615 2513 798 2592 obsequium,
812 2513 857 2566 vel
872 2529 917 2567 res
931 2513 1003 2584 ejus,
1023 2514 1183 2571 filiorumve

151 2605 268 2658 tutelam
282 2603 476 2659 administrare
494 2604 637 2658 detrectat.
656 2627 666 2650 ι

191 2696 357 2768 AEsoulapii.
374 2695 416 2750 Cf.
431 2697 510 2764 Lrv.‚
529 2713 570 2763 ιι,
590 2693 625 2764 5,
639 2704 668 2750 et
681 2696 783 2763 Ovio,
798 2695 934 2759 Metam,
949 2712 1001 2762 xv,
1021 2695 1086 2767 739.

195 2800 390 2853 Transtulerat.
403 2798 486 2853 Teste
499 2797 604 2868 Tacito,
620 2801 739 2863 Arnai,
756 2817 783 2866 ι,
804 2795 850 2867 76.

192 2904 331 2960 Reddidit.
344 2902 378 2957 ld
396 2913 492 2958 narrat
506 2903 579 2973 Dio,
593 2921 629 2957 ux
637 2944 645 2974 ,
664 2922 692 2975 p.
708 2902 774 2958 680.
1047 2967 1051 2976 ¹

193 2994 298 3065 Lyciis.
315 2993 387 3064 Dio,
402 2993 487 3062 ibid,
501 3013 530 3066 p.
546 2994 602 3063 676
618 3012 625 3047 :
640 3016 652 3042 α
666 2991 687 3051 ὁ
702 2997 837 3063 Habitat,
855 3004 994 3061 lanistae<
1008 2997 1073 3062 alan
1089 3005 1116 3053 τὸ
1135 3024 1184 3071 τρι·

151 3115 203 3155 τον,
224 3094 398 3153 fabricatione
421 3094 617 3156 στασιάσαντας,
638 3095 701 3145 ὤση
724 3092 767 3144 nai
788 3086 912 3162 Ῥωμαίους
935 3094 1003 3153 τινὰς
1026 3095 1184 3156 ἀποκτεῖναι,

153 3179 308 3235 iiouloianro'
326 3204 364 3246 rs,
379 3183 420 3235 καὶ
438 3186 460 3243 ἐς
472 3186 512 3234 τὸν
527 3190 568 3241 τῆς
581 3185 724 3252 Παμφυλίας
743 3185 813 3252 νομὸν
833 3184 970 3252 iai-pailet.

192 3281 372 3334 Deit'ctoram.
384 3265 430 3336 ii]
444 3298 467 3334 e.
489 3289 609 3351 propter
627 3278 701 3334 cives
717 3278 856 3350 quosdam
878 3296 1009 3333 romanos
1024 3279 1054 3333 in
1074 3295 1184 3334 crucem

152 3378 247 3436 actos,
268 3370 301 3422 Δ.
316 3371 351 3425 U.
370 3389 435 3442 797.

110 3465 113 3470 '
190 3461 310 3516 Seleuco.
326 3462 369 3516 Sc.
386 3463 512 3516 Secundo
525 3481 574 3516 seu
593 3463 735 3516 Callinico.

193 3551 317 3606 Chresto.
331 3555 373 3608 De
383 3571 442 3626 quo
456 3571 573 3628 magnus
586 3553 660 3608 inter
673 3553 773 3608 doctos
792 3553 948 3608 dissensus:
964 3551 1073 3624 antiqui
1089 3571 1185 3609 omnes

150 3643 187 3696 de
207 3641 317 3697 Christo
333 3643 544 3711 intellexerunt3
561 3644 744 3699 recentissimi
757 3655 852 3700 autem
873 3644 1014 3700 bominem
1028 3644 1183 3714 incertum,

149 3750 247 3806 ςτκσυε
266 3733 381 3808 originis
397 3777 405 3806 ‚
419 3735 468 3790 sed
489 3735 652 3790 ludaeorum
676 3753 753 3791 sacra
771 3735 938 3809 protentam.
961 3735 1002 3789 cf.
1023 3733 1184 3790 Hauscarsr

148 3825 283 3888 ansam,
304 3835 332 3880 et
351 3827 491 3894 Cl.Hssr,
511 3827 548 3881 ad
566 3827 628 3882 h.l.

190 3916 332 3972 Permisit.
354 3919 388 3972 Α.
405 3919 439 3974 U.
456 3919 528 3987 812,
545 3937 578 3972 ex
611 3918 716 3987 Tacit,
736 3922 857 3984 danai,
872 3935 943 3984 xm,
961 3915 1006 3982 34.

191 4006 357 4080 Popularia.
378 4009 423 4065 So.
439 4007 542 4065 theatri
556 4008 660 4085 gradus
673 4009 702 4064 in
716 4010 822 4082 quibus
839 3997 954 4064 sedebat
968 4005 1101 4080 populus.

190 4099 303 4153 Senatu
322 4101 357 4154 H.
379 4117 403 4156 e.
423 4101 451 4154 in
471 4112 631 4156 senatorum
645 4101 767 4158 sedibus.
