3138 5438
495 521 524 576 (ἶ.
541 523 555 575 J
561 521 668 577 ULTUS
686 521 823 578 CAESAR.
1133 523 1167 583 la

141 646 355 714 tribunorum
376 659 411 713 et
427 643 569 712 aedilium
589 643 713 737 plebis3
731 644 962 738 praefectosque
979 667 1042 737 pro
1055 657 1171 737 praeto-

140 765 234 833 ribus
251 765 478 850 constituerit,
495 764 551 856 qui
568 777 725 856 praesente
741 787 776 831 se
792 787 843 831 res
860 763 1001 833 urbanas
1016 761 1171 830 adminis-

141 891 281 951 trarent.
299 880 410 951 Pridie
427 895 537 952 autern
552 878 706 949 kalendas
718 881 885 974 januarias
902 881 1072 974 repentina
1089 905 1170 948 con·

140 999 225 1069 sulis
247 1015 352 1068 morte
369 1013 551 1068 cessantem
568 999 728 1068 bonorem
745 999 781 1066 in
796 1023 917 1091 paucas
932 998 1030 1096 boras
1047 999 1171 1091 petenti
1249 1047 1252 1054 -

138 1117 248 1187 dedit.
264 1119 385 1188 Eadem
406 1117 558 1202 licentia,
574 1131 685 1211 spreto
701 1118 815 1210 patriae
832 1141 945 1204 more,
963 1118 1171 1211 magistratus
1286 1161 1289 1177 ·

137 1237 178 1306 in
204 1235 316 1330 plures
338 1261 443 1306 annos
466 1235 659 1305 ordinavit:
680 1235 791 1309 decem
811 1237 972 1328 pretoriis
992 1237 1071 1304 viris
1092 1259 1170 1306 con·

138 1353 270 1424 sularia
284 1370 476 1424 ornamenta
491 1354 607 1422 tribuit
622 1377 630 1420 ε
647 1353 778 1422 civitate
794 1353 947 1442 donatos,
963 1369 997 1424 et
1011 1353 1169 1447 quosdam

136 1499 157 1542 e
184 1473 413 1542 semibarbaris
434 1470 627 1558 Gallorum,
647 1471 773 1564 recepit
795 1472 829 1538 in
851 1473 986 1540 curiam.
1009 1476 1171 1542 Praeterea

137 1605 302 1678 moneta,
315 1589 518 1685 publicisque
530 1587 759 1684 vectigalibus,
774 1587 954 1682 peculiares
966 1613 1077 1660 servos
1089 1615 1171 1684 prae·

135 1711 267 1804 posuit
288 1711 401 1778 Trium
418 1707 604 1801 legionum,
623 1728 704 1798 quas
721 1704 928 1776 Alexandriae
943 1707 1169 1802 relinquebat,

136 1850 263 1896 curam
275 1841 307 1895 et
320 1827 495 1920 imperium
508 1815 657 1913 Rufioni,
671 1821 780 1892 liberti
794 1824 844 1892 sui
855 1823 938 1915 filio,
952 1824 1079 1896 exoleto
1090 1850 1168 1912 suo,

135 1943 363 2014 damnavit.

192 2065 362 2132 LXXVII.
389 2063 460 2130 Nec
485 2063 621 2132 minoris
648 2063 849 2157 impotentia
873 2086 969 2131 voces
997 2061 1168 2158 propalam

133 2181 277 2269 edebat,
294 2195 332 2248 ut
348 2183 388 2248 T.
402 2182 540 2274 Ampius
560 2182 696 2249 scribit:
716 2179 808 2252 Nihil
826 2205 895 2250 esse
912 2181 1168 2276 rempublicam,

132 2299 393 2396 appellationem
408 2298 507 2368 modo
525 2300 595 2368 sine
618 2323 756 2394 corpore
776 2324 814 2368 ac
831 2302 946 2394 specie.
965 2299 1090 2370 Sullam
1108 2326 1166 2370 ne-

133 2421 240 2488 scisse
260 2417 397 2505 litteras,
409 2419 468 2511 qui
485 2417 681 2486 dictaturam
697 2418 893 2513 deposuerit.
910 2421 1039 2489 Debere
1057 2421 1166 2490 homi·

132 2563 198 2607 nes
216 2537 451 2606 consideratius
472 2538 542 2630 jam
559 2535 651 2628 loqui
676 2561 804 2624 secum,
823 2561 861 2605 ae
881 2562 943 2632 pro
963 2535 1088 2631 legibus
1106 2539 1166 2608 ba·

134 2659 217 2726 bere
239 2679 314 2749 quoe
331 2655 426 2723 dicat.
447 2658 564 2746 quue
590 2655 783 2750 arrogantiae
801 2679 993 2748 progressus
1021 2670 1090 2743 est,
1112 2673 1166 2744 ut,

135 2775 316 2868 haruspice
328 2775 432 2842 tristia
451 2789 485 2845 et
503 2773 572 2841 sine
587 2772 685 2841 corde
698 2787 789 2845 exsta
806 2797 898 2841 sacro
916 2771 1060 2865 quodam
1078 2799 1166 2843 nun·

134 2873 261 2978 tianle,
278 2891 391 2960 flaura
407 2890 529 2960 diceret
547 2889 671 2960 laetiora
696 2917 800 2984 quum
818 2889 930 2980 vellet,
950 2916 1011 2960 nec
1030 2917 1091 2986 pro
1112 2917 1166 2962 os·

133 3025 230 3079 tento
250 3008 453 3096 ducendum,
466 2988 494 3078 si
512 3009 631 3104 pecudi
649 3035 708 3079 cor
724 3009 888 3080 defuisset.

183 3131 372 3197 LXXVIII.
387 3130 511 3196 Verum
529 3130 729 3223 praecipuam
746 3143 780 3198 et
791 3127 1021 3222 inexpiabilem
1035 3130 1097 3199 sibi
1112 3131 1164 3198 iu·

138 3245 261 3315 sidiam
277 3246 356 3314 hinc
373 3248 511 3315 manime
530 3249 643 3316 movit.
665 3245 832 3316 Adeuntes
859 3272 893 3316 se
913 3272 989 3318 cum
1013 3248 1164 3344 plurimis

135 3363 538 3458 honorificentissimisque
570 3365 708 3434 decretis
741 3367 912 3435 universos
944 3381 1053 3460 patres
1086 3393 1165 3449 con·

14 3543 15 3548 1
136 3484 294 3576 scriptos,
312 3481 427 3550 sedens
445 3508 506 3577 pro
515 3482 584 3551 aede
592 3484 731 3552 Veneris
742 3485 919 3553 Genitricis
931 3486 1067 3580 excepit.
1076 3489 1163 3576 Qui·
1238 3513 1241 3520 ’

136 3601 210 3671 dam
229 3615 350 3694 putant
369 3614 534 3669 retentum
548 3625 568 3668 a
584 3599 740 3671 Cornelio
750 3601 867 3690 Balbo,
877 3627 981 3696 quum
988 3620 1164 3676 conaretur

136 3743 307 3813 margero
324 3744 332 3786 a
352 3718 427 3804 alii,
446 3743 488 3788 ne
505 3732 661 3788 conatum
680 3718 814 3813 quidem
829 3722 980 3808 omnino,
996 3720 1164 3794 sedetiam

14 3933 15 3942 ἵ
136 3837 368 3906 admonentem
388 3842 426 3908 C.
445 3839 636 3908 Trebatium
660 3854 698 3908 ut
719 3854 918 3932 assurgeret,
934 3840 1044 3908 minus
1068 3839 1161 3910 fami·

136 3958 206 4026 liari
223 3957 319 4027 rultu
338 3960 529 4052 respexisse.
548 3959 652 4053 quue
670 3959 793 4030 factum
809 3962 880 4054 ejus
899 3975 992 4030 tanto
1010 3960 1164 4031 intolera-

137 4075 233 4144 bilius
250 4092 299 4146 est
316 4079 447 4162 visum,
466 4077 555 4168 quod
570 4079 639 4171 ipse
656 4079 872 4172 triumphanti
888 4093 920 4147 et
933 4077 1086 4148 subsellia
1102 4083 1163 4149 tri-
