3114 5446
431 500 484 568 sas
835 496 866 552 c.
887 494 1064 573 summm

426 622 618 705 abolendis;
643 647 661 684 c
677 622 747 690 Cur
771 617 859 686 enim
885 615 947 684 sibi
972 641 1039 684 non
1063 613 1181 702 licere,
1208 613 1341 702 dicens,
1364 618 1438 708 quod

429 739 559 812 Platoni
577 739 737 824 licuisset,
752 735 809 827 qui
824 759 901 802 eum
915 761 934 804 e
946 736 1095 820 civitate,
1110 756 1209 826 quam
1221 733 1438 820 constituebat,

426 856 584 951 ejecerit?
596 887 613 922 o
634 855 699 924 Sed
717 868 751 922 et
766 851 899 947 Virgilii
920 877 958 921 ac
981 854 1047 920 Titi
1067 853 1155 920 Livii
1174 853 1296 947 scripta
1319 865 1350 920 et
1370 853 1438 920 ima·

426 978 545 1071 gines,
572 973 709 1068 paulum
735 971 865 1056 abluit,
894 972 974 1063 quin
1003 995 1044 1039 ex
1069 969 1225 1038 omnibus
1251 967 1440 1038 bibliothecis

426 1107 618 1164 amoveret:
634 1116 777 1186 quorum
795 1089 955 1178 alterum,
971 1103 1010 1158 ut
1028 1117 1045 1152 a
1059 1087 1182 1157 nullius
1199 1087 1341 1182 ingenii,
1356 1087 1440 1156 mini·

427 1236 554 1305 meque
570 1211 745 1294 doctrinae3
758 1239 776 1274 o
793 1207 955 1296 alterum,
972 1223 1010 1277 ut
1023 1237 1040 1272 a
1054 1208 1229 1276 verbosum
1247 1207 1282 1274 in
1300 1206 1442 1292 historia,

426 1329 744 1424 negligentemque»
761 1327 929 1420 carpebat.
949 1329 1002 1396 De
1021 1326 1106 1419 juris
1125 1349 1258 1418 quoque
1277 1322 1441 1410 consultis,

426 1449 520 1541 quasi
546 1448 690 1516 scientiae
714 1471 831 1516 eorum
859 1469 993 1514 omnem
1017 1469 1114 1514 usum
1140 1431 1346 1530 aboliturtls,
1370 1465 1443 1534 sepe

423 1567 577 1658 jactavit,
594 1595 611 1630 α
625 1590 678 1652 se,
696 1563 876 1652 mehercle,
892 1563 1104 1651 effecturum,
1122 1563 1239 1656 nequi
1257 1560 1443 1656 respondere

327 1723 332 1736 ·
427 1689 553 1780 possint
571 1700 829 1782 praeteream.»

472 1808 613 1878 XXXV.
633 1809 756 1876 Vetera
777 1802 975 1874 familiarum
996 1805 1140 1900 insignia
1160 1801 1362 1872 nobilissimo
1383 1800 1445 1870 cui·

426 1949 491 2018 que
517 1924 665 1992 ademit:
688 1927 861 2016 Torquato
886 1937 1062 2016 torquem;
1090 1922 1288 1992 Cincinnato
1310 1921 1445 2000 crinem;

426 2047 487 2112 Cn.
501 2044 675 2136 Pompeio,
693 2043 803 2135 stirpis
821 2043 978 2134 antiquae,
997 2041 1112 2135 Magni
1132 2063 1326 2135 cognomen.
1341 2037 1446 2108 Ptolo-

426 2187 564 2248 maeum,
582 2161 704 2254 dequo
721 2159 840 2248 retuli,
858 2175 891 2228 et
906 2162 1097 2230 arcessitum
1112 2185 1131 2228 e
1147 2183 1271 2254 regno,
1287 2173 1321 2228 et
1337 2181 1447 2251 excep·

427 2297 497 2350 tum
523 2281 729 2366 honorifice,
753 2306 821 2350 noo
845 2280 909 2350 alia
936 2281 978 2350 de
998 2305 1098 2350 causa
1126 2295 1260 2374 repente
1287 2277 1449 2375 perculit,

426 2425 525 2493 quam
544 2401 655 2493 quod,
677 2400 794 2469 edente
818 2425 853 2468 se
876 2425 1020 2488 munus,
1041 2402 1225 2495 ingressum
1245 2398 1452 2494 spectacula,

424 2521 624 2590 convertisse
650 2520 823 2590 hominum
845 2518 959 2590 oculos
985 2518 1113 2613 fulgore
1136 2543 1312 2614 purpureae
1336 2518 1448 2589 abollae

424 2638 666 2708 animadvertit.
684 2637 844 2708 Pulchros
862 2653 894 2708 et
916 2653 1082 2726 comatos,
1104 2640 1230 2732 quoties
1251 2641 1313 2708 sibi
1335 2663 1451 2709 occur·

425 2771 555 2846 rerent,
575 2759 728 2851 occipitio
750 2782 825 2826 raso
845 2757 1053 2851 deturpabat.
1077 2761 1159 2827 Erat
1177 2759 1274 2828 Esius
1292 2756 1455 2828 Proculus

424 2891 518 2969 patre
542 2875 759 2969 primipilari,
780 2877 823 2944 ob
842 2878 1008 2970 egregiam
1033 2877 1181 2972 corporis
1199 2876 1452 2972 amplitudinem

425 3007 457 3061 et
478 2996 618 3086 speciem
638 2995 828 3064 Colosseros
846 2995 962 3064 dictus.
979 3000 1078 3065 Hunc
1095 3021 1114 3066 e
1129 2995 1323 3091 spectaculis
1343 2996 1455 3066 detra·

425 3125 514 3178 ctum
535 3128 687 3204 repente,
704 3128 738 3181 et
759 3115 793 3182 in
811 3139 944 3184 arenam
962 3115 1157 3206 deductum,
1173 3118 1308 3205 Threci,
1327 3133 1365 3186 et
1380 3141 1459 3186 mox

425 3229 644 3322 hoplomacho
658 3235 880 3325 comparavit:
893 3235 1008 3328 bisque
1020 3236 1179 3304 victorem
1190 3237 1377 3332 constringi
1389 3238 1460 3306 sine

425 3373 518 3418 mora
535 3349 651 3441 jussit,
667 3365 700 3418 et
720 3353 839 3444 pannis
856 3354 1001 3421 obsitum
1020 3355 1153 3424 vicatim
1172 3357 1405 3444 circumduci,
1427 3381 1465 3425 ac

425 3465 618 3538 mulieribus
635 3471 779 3558 ostendi,
795 3471 913 3542 deinde
923 3471 1080 3566 jugulari.
1094 3474 1215 3546 Nullus
1231 3475 1379 3572 denique
1394 3491 1464 3546 tam

426 3587 560 3680 abjectis
579 3589 796 3676 conditionis,
815 3606 947 3684 tamque
966 3607 1120 3662 extreme
1139 3597 1236 3664 sortis
1257 3595 1342 3684 fuit,
1366 3599 1468 3691 cujus

426 3731 493 3774 non
507 3707 688 3778 commodis
700 3709 908 3780 obtrectaret.
922 3714 1119 3782 Nemorensi
1132 3716 1216 3808 regi,
1229 3715 1319 3808 quod
1334 3715 1470 3786 multos

422 3825 491 3916 jum
508 3850 612 3894 annos
627 3829 789 3920 potiretur
803 3830 1002 3919 sacerdotio,
1018 3831 1212 3902 validiorem
1228 3834 1470 3905 adversarium

427 3944 629 4014 subornavit.
641 3949 757 4036 Quum
768 3950 912 4042 quodam
927 3951 982 4019 die
992 3954 1152 4040 muneris,
1165 3951 1327 4022 essedario
1344 3959 1472 4042 Porio,

427 4063 469 4129 ob
501 4089 691 4158 prosperam
723 4093 868 4162 pugnam
898 4096 1027 4140 servum
1058 4099 1154 4142 suum
1184 4077 1474 4164 manumittenti,
