3114 5446
499 545 696 601 CLAUDIUS.
1062 564 1116 604 atr

91 686 135 740 tus
150 685 185 739 et
201 667 374 764 religiosis.
393 669 464 737 Nec
482 691 612 762 semper
630 667 820 762 prescripta
841 665 951 762 legum
971 685 1118 759 secutus,

92 780 240 860 duritiam
261 786 471 858 lenitatemve
490 785 686 874 multarum,
703 812 743 856 ex
763 787 851 856 bono
869 802 902 858 et
917 813 1026 883 aequo,
1045 813 1120 884 per·

91 909 157 979 inde
173 925 212 978 nt
232 907 435 992 alliceretur,
453 905 641 976 moderatus
655 919 713 975 est.
729 907 816 975 Nam
833 921 867 974 et
885 908 941 994 iis,
953 910 1010 1001 qui
1028 907 1118 1003 apud

90 1029 227 1121 privatos
245 1026 373 1121 jndices
382 1023 456 1121 plus
470 1025 614 1120 petendo
634 1022 776 1094 formula
795 1023 1008 1112 excidissent,
1026 1028 1119 1096 resti-

90 1149 143 1216 tuit
160 1148 325 1234 actionem
341 1158 374 1214 ct
392 1146 426 1214 in
447 1145 571 1239 majore
591 1143 707 1213 fraude
733 1145 917 1232 convictos,
936 1143 1118 1240 legitimam

90 1291 214 1360 poenam
231 1287 478 1360 supergressus,
499 1263 542 1334 ad
563 1264 682 1333 bestias
699 1265 942 1333 condemnavit.
1000 1267 1012 1300 ’-

127 1389 203 1456 XV.
229 1387 271 1454 ln
292 1382 522 1478 cognoscendo
549 1397 659 1452 autem
675 1407 714 1452 ac
733 1382 941 1453 decernendo
955 1387 1039 1454 mira
1059 1411 1115 1455 va-

88 1505 197 1574 rietate
215 1505 317 1574 animi
335 1503 415 1588 fuit,
434 1499 533 1571 modo
552 1503 809 1596 circumspectus
825 1518 859 1572 et
883 1529 998 1599 sagax,
1016 1506 1116 1575 modo

86 1621 287 1692 inconsultus
303 1647 341 1690 ac
351 1645 512 1716 praeoeps3
524 1647 763 1715 nonnunquam
779 1621 915 1692 frivolus
927 1627 1117 1718 amentique

87 1743 204 1812 similis.
233 1743 348 1829 Quum
372 1740 521 1810 decurias
551 1765 662 1810 rerum
693 1755 769 1810 actu
798 1759 1014 1837 expungeret,
1038 1770 1114 1814 eum

85 1863 154 1954 qui,
179 1857 387 1930 dissimulata
411 1861 602 1947 vacatione,
628 1881 727 1953 quam
757 1861 916 1930 beneficio
934 1860 1112 1933 liberorum

85 1980 239 2068 habebat,
271 1978 501 2072 responderat,
529 1993 567 2046 ut
594 1978 751 2076 cupidum
774 1980 947 2072 judicandi
977 1981 1111 2052 dimisit.

85 2099 187 2170 Alium
205 2097 455 2193 interpellatum
472 2099 514 2166 ab
534 2097 729 2168 adversariis
748 2100 792 2170 de
814 2102 948 2195 propria
965 2099 1038 2191 lite,
1053 2125 1112 2171 ne·

84 2235 296 2314 gentemque,
321 2219 518 2312 cognitionis
545 2243 631 2306 rem,
657 2216 713 2286 sed
739 2219 899 2288 ordinarii
922 2223 1007 2314 juris
1024 2247 1112 2306 esse,

84 2363 174 2432 agere
193 2363 330 2410 causam
341 2336 515 2423 confestim
528 2337 618 2431 apud
637 2363 670 2406 se
686 2341 808 2433 coegit,
825 2341 961 2434 proprio
979 2343 1113 2436 negotio

84 2459 317 2530 documentum
333 2457 502 2542 daturum,
519 2481 620 2551 quam
634 2481 746 2551 aequus
754 2459 855 2552 judex
874 2461 907 2530 in
928 2459 1036 2531 alieno
1053 2487 1113 2530 ne-

82 2581 168 2671 gotio
188 2579 326 2648 lixturus
346 2593 441 2646 esset.
466 2577 651 2661 Feminam,
670 2603 737 2647 non
753 2595 985 2672 agnoscentem
1005 2580 1109 2650 filium

81 2722 190 2784 suurn,
208 2697 313 2766 dubia
328 2698 484 2788 utrinque
495 2711 766 2790 argumentorum
780 2696 861 2782 lide,
878 2698 922 2765 ad
932 2699 1110 2768 confessio-

80 2841 151 2884 nem
171 2815 353 2918 compulit,
376 2815 501 2884 indicto
524 2817 735 2886 matrimonio
748 2815 889 2908 juvenis.
909 2816 1109 2888 Absentibus

78 2917 450 3030 secundunipraesentes
463 2933 615 3006 facillime
632 2935 747 3024 dabat,
765 2934 857 3004 nullo
875 2935 1020 3026 delectu,
1037 2937 1108 3008 cul-

78 3081 161 3148 pane
177 3057 272 3151 quis,
290 3079 333 3124 an
346 3053 457 3148 aliqua
474 3056 678 3143 necessitate,
697 3071 861 3125 cessasset.
880 3055 1108 3127 Proclamante

75 3175 238 3266 quodam,
255 3173 478 3269 praecidendas
493 3171 627 3244 falsario
640 3199 772 3259 manus,
791 3175 980 3246 camilicem
997 3179 1106 3246 statim

76 3297 173 3366 acciri
184 3319 263 3366 cum
281 3294 441 3364 machera
458 3317 635 3386 mensaque
652 3293 811 3383 lanionia,
830 3295 998 3389 flagitavit.
1010 3301 1108 3366 Pere-

74 3415 241 3506 grinitatis
266 3437 376 3502 reum,
395 3427 468 3484 orta
486 3413 571 3482 inter
590 3411 767 3482 advocatos
788 3412 852 3482 levi
876 3417 1106 3504 contentione,

72 3545 268 3626 togatumne
283 3557 326 3602 sn
345 3530 517 3626 palliatum
532 3530 640 3600 dicere
656 3556 788 3602 causam
808 3549 994 3629 oporteret,
1013 3538 1105 3628 quasi

69 3654 263 3744 aequitatem
279 3653 438 3746 integram
459 3665 643 3740 ostentans,
659 3668 789 3722 mutare
801 3654 950 3723 habitum
971 3656 1105 3750 saepius,

67 3787 102 3838 et
126 3786 234 3866 prout
258 3785 468 3842 accusaretur
497 3769 783 3859 defendereturve,
807 3774 913 3866 jussit
940 3777 992 3843 De
1020 3799 1105 3867 quo-

68 3887 149 3958 dam
179 3891 283 3960 etiam
317 3890 451 3983 negotio
478 3890 523 3958 ita
553 3913 593 3958 ex
623 3887 742 3960 tabella
770 3893 1006 3985 pronunciasse
1037 3915 1104 3960 cre·

65 4010 177 4097 ditur,
195 4007 410 4078 «Secundum
439 4033 494 4076 eos
519 4033 553 4078 se
577 4010 699 4078 sentire
725 4013 783 4102 qui
810 4035 888 4084 vera
914 4012 1105 4104 proposuis-

63 4143 186 4197 sent.»
210 4131 351 4223 Propter
380 4151 453 4220 quae
478 4151 581 4220 usque
609 4153 650 4198 eo
678 4127 814 4218 eviluit,
843 4145 880 4199 ut
912 4133 1033 4223 passim
1065 4157 1104 4200 ac
1199 4165 1208 4184 ·

909 4253 961 4334 td.
