3114 5446
545 479 743 540 CLAUDIUS.
1101 497 1155 550 ²¹7

31 616 34 659 l
142 624 214 698 erat,
228 609 332 692 adeo,
350 621 388 678 ut
404 606 533 678 oblatos
548 605 730 676 victoribus
739 627 871 693 aurcos,
886 601 1014 698 prolata
1027 604 1157 674 sinistra

142 731 250 824 pariter
267 753 345 798 cum
365 725 481 824 vulgo,
500 749 581 797 uoce
595 725 771 821 digitisque
788 712 996 810 numeraret,
1016 747 1055 794 ac
1074 747 1158 817 sape

141 848 294 918 hortando
317 846 534 944 rogandoque
563 845 604 915 ad
630 844 830 914 bilaritatem
858 843 1010 926 homines
1038 867 1159 938 provo
1233 933 1234 938 ἵ

142 983 231 1056 caret,
245 967 401 1038 dominos
419 965 600 1036 identidem
612 962 799 1060 appellans,
818 964 975 1033 immixtis
991 962 1159 1033 interdum

141 1087 256 1184 lrigidis
274 1101 309 1158 et
328 1067 492 1158 arcemitis
506 1087 610 1182 jocis:
628 1083 735 1179 qualis
752 1099 821 1174 est,
847 1097 884 1154 ut
903 1107 1006 1177 quum
1026 1082 1160 1154 Palum-

140 1209 206 1278 bum
223 1206 487 1304 postulantibus,
501 1206 682 1276 adaturum
694 1229 745 1295 se,
755 1235 773 1272 a
789 1205 957 1300 promisit,
973 1205 1025 1274 asi
1044 1219 1160 1300 captus

142 1343 220 1397 essct
232 1325 358 1396 a'lllud
372 1323 470 1419 plene
482 1326 695 1420 quantumvis
710 1323 885 1396 salubriter
894 1339 928 1395 et
939 1325 973 1393 in
990 1338 1159 1418 tempore:

140 1471 228 1539 quum
252 1445 437 1530 essedario,
458 1469 520 1540 pro
541 1469 609 1540 quo
629 1459 773 1539 quatuor
797 1442 857 1514 filii
880 1443 1160 1539 deprecabantur,

140 1589 251 1661 magno
271 1565 423 1634 omniurn
447 1563 561 1634 farma
586 1563 773 1634 indulsisset
794 1562 927 1648 rudem,
953 1561 1099 1632 tabulam
1120 1561 1160 1630 il·

139 1683 194 1753 lico
213 1685 322 1772 misit,
345 1682 525 1753 admonens
547 1682 724 1779 populum,
744 1696 899 1776 equanto
918 1705 1018 1776 opere
1040 1679 1161 1753 liberos

138 1805 296 1899 suscipere
321 1803 472 1888 deberet,
497 1827 581 1897 quos
604 1801 730 1880 videret
750 1816 784 1870 et
808 1799 982 1896 gladiatori
1006 1800 1160 1895 praesidio

139 1923 310 2017 gratiaque
329 1946 441 1992 esse»
470 1921 585 1992 Edidit
606 1935 640 1990 et
661 1922 696 1990 in
714 1921 838 1990 Martio
855 1943 974 2015 campo
991 1943 1160 2015 expugna·

137 2042 252 2111 donem
273 2040 564 2136 direptionemque
585 2039 701 2135 oppidi
725 2038 768 2110 ad
791 2040 969 2135 imaginem
989 2037 1161 2125 bellicam,

137 2173 166 2228 et
176 2159 376 2230 deditionem
392 2160 571 2231 Britannia
589 2183 724 2254 regum,
739 2158 961 2254 praeseditque
973 2157 1160 2253 paludatus.

137 2279 220 2367 Quin
241 2294 298 2368 et,
316 2280 496 2350 emissurus
513 2279 677 2362 Fucinum
693 2277 821 2366 lacum,
842 2279 1070 2348 naumachiam
1085 2287 1163 2347 ante

134 2400 305 2470 commisit
332 2398 398 2470 Sed
420 2421 545 2493 quum,
575 2395 860 2493 proclamantibus
884 2398 1162 2482 naumachiariis‚

134 2521 243 2608 «Ave,
263 2520 459 2614 imperator,
476 2519 630 2588 morituri
652 2531 685 2586 te
703 2516 890 2606 salutant,s
916 2517 1162 2611 respondisset,

102 2659 106 2674 ·
134 2643 266 2708 «Arete
295 2661 373 2725 uos3
391 2667 408 2702 a
434 2661 542 2731 neque
565 2651 640 2731 post
668 2637 755 2706 hanc
781 2659 915 2723 voecm,
948 2636 1043 2728 quasi
1066 2636 1162 2705 venia

132 2756 216 2846 data,
234 2758 414 2852 quisquam
431 2755 589 2826 dimicare
607 2753 722 2825 vellet:
744 2752 800 2824 diu
820 2768 1011 2840 cunctatus,
1026 2777 1069 2824 an
1088 2778 1160 2823 om·

131 2900 185 2947 nes
201 2879 276 2973 igni
296 2876 450 2970 fenoque
464 2876 670 2964 absumeret,
693 2874 826 2944 tandem
844 2899 863 2943 e
881 2873 958 2944 sede
974 2899 1035 2944 sua
1053 2875 1159 2970 prosi·

132 2993 206 3086 luit,
225 3021 268 3067 ac
284 3021 347 3091 per
360 2995 521 3065 ambitum
535 2992 642 3080 lacus,
660 3019 728 3064 non
746 2995 817 3064 sine
836 2992 922 3064 loeda
936 2987 1162 3079 vacillatione,

130 3113 341 3204 discurrens,
367 3115 489 3210 partirn
516 3113 691 3202 minando,
718 3115 838 3209 partim
868 3113 1096 3200 adhortando,
1121 3113 1163 3183 ad
1196 3122 1198 3126 '

130 3259 279 3330 pugnam
298 3233 469 3329 compulit.
487 3235 559 3308 noc
578 3232 766 3328 spectaculo
782 3231 893 3304 classis
909 3232 1012 3304 sicula
1031 3249 1065 3303 et
1082 3235 1161 3304 rho·

129 3353 180 3424 dia
196 3368 464 3442 concurrerunt,
484 3351 714 3424 duodenarum
731 3353 916 3422 triremium
937 3352 1090 3450 singulm,
1108 3377 1164 3424 ex·

28 3509 29 3514 ¹
128 3475 237 3547 ciente
258 3475 404 3544 buccina
424 3475 565 3560 Tritone,
579 3487 752 3569 argenteo,
769 3471 827 3566 qui
844 3499 863 3542 c
881 3472 991 3544 medio
1011 3471 1084 3542 lacu
1106 3497 1165 3566 per

29 3673 30 3677 Ἰ
126 3595 320 3664 machinam
337 3608 522 3688 emerserat.

28 3727 29 3780 ξ
170 3718 291 3786 XXII.
309 3712 470 3802 Quadam
486 3713 573 3782 circa
590 3714 803 3802 cerimonias,
820 3711 1016 3806 civilemque
1033 3725 1066 3781 et
1081 3709 1166 3779 miti-

124 3847 229 3904 tarem
258 3857 408 3920 morem,
433 3834 510 3904 item
543 3834 634 3903 circa
664 3834 813 3902 omnium
843 3831 997 3902 ordinum
1023 3845 1165 3917 statum,

121 3953 213 4024 domi
238 3953 412 4048 forisque,
431 3967 489 4022 aut
504 3953 665 4040 correxit,
685 3968 744 4021 aut
761 3951 890 4022 exoleta
909 3953 1089 4038 revocavit,
1108 3967 1167 4021 aut

28 4069 29 4160 l
106 4075 223 4142 'etiam
247 4096 341 4142 nova
365 4072 517 4142 instituit.
546 4075 584 4140 ln
608 4071 803 4165 cooptandis
823 4095 882 4166 per
902 4070 1038 4165 collegia
1058 4097 1165 4143 sacer·
