3138 5438
414 486 449 542 26
720 491 727 516 ·
815 483 844 538 C.
863 483 1037 540 suumnu

414 609 553 704 publica.
585 607 827 678 Munditiarum
861 605 1128 700 lautitiarumque
1162 607 1438 679 studiosissimum

413 728 510 798 multi
529 725 772 823 prodiderunt:
795 723 906 796 villam
929 727 965 796 in
985 727 1177 796 Nemorensi
1201 750 1221 796 a
1243 727 1439 798 fundamen·

413 852 454 918 tis
472 849 676 934 inchoatam,
697 869 882 942 magnoque
901 859 1036 939 sumptu
1053 844 1257 934 absolutam,
1274 849 1351 946 quia
1370 875 1439 918 non

414 981 482 1038 tota
506 967 549 1037 ad
567 967 761 1036 animumei
782 964 1013 1059 responderat,
1035 981 1138 1036 totam
1159 966 1315 1056 diruisse,
1336 993 1440 1060 quan·

411 1111 511 1180 qnam
533 1100 664 1156 tenuem
685 1083 795 1154 adhue
820 1100 854 1154 et
875 1084 1059 1154 ¹obseratum
1084 1111 1092 1153 :
1121 1087 1155 1154 in
1174 1085 1439 1181 expeditionibus

413 1203 575 1276 tessellata
591 1220 625 1274 et
642 1203 764 1274 sectilia
783 1203 968 1298 pavimenta
985 1203 1233 1274 circumtulisse.

459 1326 592 1394 XLVII.
620 1323 822 1392 Britanniam
846 1323 965 1416 petisse
987 1346 1045 1416 spe
1068 1325 1337 1416 margaritarum,
1357 1351 1441 1418 qna-

412 1467 487 1514 rum
512 1441 759 1537 amplitudinem
787 1440 1030 1526 conferentem,
1059 1440 1227 1510 interdum
1251 1467 1310 1512 sua
1335 1467 1439 1514 manu

412 1564 552 1658 exegisse
574 1561 703 1656 pondus
727 1588 736 1629 :
762 1587 927 1656 gemmas,
947 1575 1152 1647 toreumata,
1173 1564 1286 1656 signa,
1310 1561 1440 1632 tabulas

411 1684 519 1776 operis
542 1683 670 1776 antiqui
696 1705 824 1775 semper
847 1680 1084 1750 animosissime
1106 1703 1312 1773 comparasse
1335 1707 1343 1750 ε
1369 1707 1440 1750 ser·

411 1803 490 1870 vitia
520 1801 660 1870 rectiora
688 1797 906 1892 politioraque
934 1800 1094 1894 immenso
1124 1799 1249 1892 pretio,
1278 1814 1312 1868 et
1340 1806 1438 1894 cujus

412 1923 519 2014 ipsum
533 1921 630 1988 etiam
645 1919 798 2011 puderet,
814 1919 860 1986 sic
876 1931 914 1986 nt
928 1917 1111 1988 rationibus
1124 1932 1250 1987 vetaret
1264 1918 1386 1989 inferri.

459 2041 612 2108 XLVIII.
638 2039 860 2106 Convivatum
879 2035 1008 2106 assidue
1028 2059 1088 2130 per
1104 2039 1288 2130 provincias
1307 2039 1440 2110 duobus

324 2214 329 2222 .
411 2155 577 2243 tricliniis,
597 2180 681 2242 uno,
702 2179 769 2248 quo
784 2157 888 2250 sagati
909 2153 1088 2248 palliative,
1109 2155 1228 2244 altero,
1248 2183 1315 2252 quo
1333 2161 1439 2253 togati

410 2299 485 2343 eum
499 2272 730 2344 illustrioribus
744 2275 989 2368 provinciarum
1002 2273 1255 2344 discumberent.
1272 2281 1440 2346 Domesti-

410 2417 481 2461 cam
496 2391 702 2486 disciplinam
721 2394 755 2460 in
773 2393 882 2486 parvis
899 2416 937 2461 ac
952 2393 1131 2486 majoribus
1147 2395 1245 2462 rebus
1262 2393 1442 2489 diligenter

409 2512 492 2582 adeo
518 2537 693 2606 severeque
721 2513 824 2598 rexit,
851 2529 887 2582 ut
915 2515 1092 2606 pistorem,
1117 2513 1218 2582 alium
1247 2539 1347 2608 qnam
1372 2517 1440 2584 sibi

409 2655 526 2724 panem
549 2633 695 2702 convivis
718 2631 964 2726 subjicientem,
983 2632 1196 2727 compedibus
1216 2635 1377 2719 vinxerit3
1398 2635 1442 2704 li-

408 2751 538 2820 bertum
571 2752 812 2846 gratissimum,
842 2752 885 2820 ob
915 2749 1132 2821 adulteratam
1160 2755 1280 2845 equitis
1308 2759 1439 2824 romani

410 2893 564 2957 uxorem,
589 2871 739 2962 quamvis
765 2869 858 2939 nullo
882 2886 1057 2964 querente,
1084 2870 1214 2965 capitoli
1241 2898 1334 2966 poena
1358 2874 1442 2943 alle-

408 2988 499 3056 cerit.
593 2989 595 2992 ’

457 3107 576 3174 XLIX.
602 3105 771 3204 Pudicitia
798 3109 867 3201 ejus
895 3109 1014 3177 famam
1045 3110 1126 3178 nihil
1157 3112 1288 3203 quidem
1318 3129 1442 3206 praeter

409 3221 596 3292 Nicomedis
613 3226 866 3316 contubernium
887 3226 985 3313 laesit,
1004 3231 1095 3322 gravi
1114 3244 1225 3298 tamen
1244 3247 1276 3299 ot
1296 3237 1438 3324 perenni

408 3341 603 3434 opprobrio,
614 3343 697 3411 etad
709 3346 858 3414 omnium
870 3349 1019 3416 convicio
1030 3345 1187 3441 exposito.
1200 3353 1328 3422 Omitto
1339 3349 1440 3420 Calvi

408 3459 527 3526 Licinii
546 3460 731 3530 notissimos
749 3487 888 3532 versus:

639 3666 837 3740 .......Bithynia
856 3669 993 3742 quidquid

502 3753 536 3808 Et
552 3753 702 3826 paedicator
718 3757 832 3814 Caesaris
851 3777 972 3833 unquam
985 3761 1091 3819 babuit.

406 3938 565 4004 Praetereo
586 3939 728 4006 actiones
746 3939 926 4010 Dolabellae
945 3957 977 4010 et
996 3945 1150 4014 Curionis
1169 3951 1286 4039 patris,
1308 3949 1341 4015 in
1363 3954 1438 4041 qui-

406 4051 465 4122 bus
492 4079 567 4123 oum
593 4055 763 4124 Dolabella
777 4059 924 4152 pellicem
947 4065 1091 4154 reginos,
1113 4064 1277 4158 spondam
1299 4070 1437 4137 interto-
