3114 5446
415 565 471 603 nno
718 547 747 600 C.
768 545 944 604 sUETONn
960 544 1157 603 CALIGULA.

410 693 415 706 ¹
463 676 535 740 LX.
558 669 791 740 conditionem
810 683 996 768 temporum
1019 666 1153 737 illorum
1173 668 1273 736 etiam
1293 695 1354 764 per
1378 671 1445 740 haec
1549 660 1550 682 ¹

414 792 602 861 existimare
621 789 729 882 quivis
749 788 863 880 possit.
883 789 969 856 Nam
988 811 1097 879 neque
1116 788 1204 857 ende
1226 787 1361 883 vulgata
1379 805 1445 860 sta-

416 912 475 978 tim
492 908 653 978 creditum
665 921 716 975 est
729 931 737 974 :
752 905 882 999 fuitque
902 907 1062 1000 suspiria,
1077 906 1119 987 ab
1136 907 1208 999 ipso
1224 907 1306 976 Caio
1324 908 1447 979 famam

414 1027 510 1097 caedis
523 1023 711 1096 simulatam
727 1038 761 1094 et
775 1025 942 1112 emissam,
955 1039 1047 1098 uteo
1063 1039 1161 1119 pacto
1174 1025 1351 1095 hominum
1367 1051 1448 1124 erga

414 1173 449 1218 se
465 1162 592 1217 mentes
610 1143 888 1240 deprehenderet3
904 1167 1011 1237 neque
1027 1146 1193 1239 conjurati
1212 1147 1368 1240 cuiquam
1382 1149 1446 1216 im·

413 1268 542 1363 perium
560 1265 819 1334 destinaverunt.
838 1265 882 1331 Et
896 1275 1028 1331 senatus
1046 1264 1081 1332 in
1100 1263 1273 1334 asserenda
1291 1263 1447 1336 libertate

413 1386 497 1457 aden
512 1384 694 1468 consensit,
709 1397 747 1452 ut
765 1379 916 1451 consules
932 1383 1042 1476 primo
1060 1407 1128 1452 non
1151 1384 1185 1450 in
1208 1373 1352 1472 curiam,
1367 1387 1447 1480 quia

412 1504 499 1574 Iulia
515 1503 709 1588 vocabatur,
723 1501 781 1570 sed
795 1503 830 1570 in
845 1500 1049 1595 Capitolium
1066 1505 1294 1588 convocatur
1309 1504 1447 1597 qnidam

413 1648 511 1712 vern,
532 1621 702 1690 sementim
719 1619 810 1708 loco,
828 1619 1022 1689 abolendam
1041 1623 1211 1691 Caesarum
1231 1627 1448 1713 memoriam,

413 1767 452 1812 ac
482 1740 643 1810 diruenda
675 1735 823 1832 templa,
857 1739 1056 1809 censuerint.
1084 1741 1303 1811 Observatum
1329 1757 1443 1812 autem

413 1876 629 1953 notatumque
650 1872 700 1928 est
721 1859 893 1952 inprimis,
910 1861 1055 1929 Caesares
1077 1885 1210 1950 omnes,
1229 1861 1350 1953 quibus
1371 1863 1448 1931 Caii

413 2003 603 2074 praenomen
628 1977 747 2062 fuerit,
771 1977 859 2046 ferro
882 1979 1026 2070 perisse,
1049 1979 1120 2073 jam
1146 1978 1223 2048 inde
1245 1979 1288 2048 ab
1307 2005 1369 2068 eo,
1388 1985 1448 2075 qni

414 2099 573 2168 Cinnanis
592 2096 794 2190 temporibus
812 2097 854 2164 sit
870 2097 1009 2166 occisus.
