3208 5430
512 507 553 561 m
573 461 832 562 nonuaunum
1024 481 1026 484 ’
1129 503 1184 560 ιιι

202 621 337 677 Occisum.
351 624 377 676 Δ
389 620 479 677 Lucio
492 620 631 690 Maxisno,
645 618 766 678 docente
779 620 902 694 xipttt,
915 618 963 676 ub.
977 637 1054 692 sup,
1067 639 1095 694 p.
1107 619 1163 690 764
1179 639 1186 674 :

162 709 195 772 ὃν
205 712 254 787 (sc.
269 709 436 788 Antonium)
446 723 543 779 Λούκιος
556 719 667 788 Μάξιμος
682 720 868 788 κατηγωνίσατο
882 720 924 772 scel
938 721 1053 772 καθιῖλιι.

203 819 269 873 Can.
282 818 346 872 v11.
362 816 515 892 Sportulas.
530 816 604 871 Vide
622 817 725 871 Neron.
733 854 743 881 ,
758 833 817 871 xva.

201 912 347 965 flectorum
364 927 513 962 coenarum.
532 907 605 962 Vide
618 911 708 981 Aug„
723 925 818 962 uxxrv.

201 1000 306 1056 Aurati
320 999 518 1072 purpureique.
539 997 630 1052 Aliter
646 997 770 1071 Xiphil„
784 998 831 1052 ub.
847 1015 924 1071 sup,
940 1014 970 1071 p.
991 995 1046 1066 760
1065 1014 1072 1051 t
1090 1006 1124 1056 'rt
1145 1009 1187 1075 pto

160 1107 269 1172 χρυσοῦν,
284 1101 313 1151 ci
326 1095 355 1150 di
370 1099 482 1168 ἀργυροῦν
499 1099 627 1167 ὀνομάσας.

203 1195 335 1252 Castran'.
350 1195 393 1248 lta
412 1193 570 1248 Philostrat.
593 1194 725 1266 Apollou.
743 1193 813 1259 Vit,
834 1211 881 1262 vr,
905 1212 947 1258 ¹7·
962 1193 1025 1248 Hoc
1045 1190 1142 1248 iecisse
1159 1191 1188 1246 in

162 1285 360 1344 contumeliam
371 1284 428 1339 Titi
443 1292 539 1338 narrat
559 1281 684 1355 Xiphil.,
698 1281 746 1339 uls.
761 1301 838 1356 sup,
853 1303 880 1356 p.
896 1283 961 1356 759.

202 1377 319 1450 Negtigi
330 1395 405 1429 uma.
423 1377 540 1431 Causam
557 1374 638 1430 alitum
646 1413 655 1444 ,
669 1374 727 1429 soil.
744 1373 915 1429 seditionum
931 1372 1074 1428 materiem
1089 1370 1190 1428 euvini

164 1466 340 1522 abundantia
351 1465 630 1533 adiertPhilostmt.,
651 1466 782 1538 Apollon.
803 1465 853 1519 Vit.
863 1503 872 1532 ,
890 1483 936 1534 vt,
954 1483 998 1532 17.

203 1559 370 1612 Novellaret.
389 1557 423 1611 tt.
441 1574 466 1611 e.
480 1573 568 1610 novas
582 1555 652 1610 vites
665 1556 815 1628 plantaret.

205 1662 303 1716 Castro
312 1659 463 1732 prohibuit.
481 1658 547 1713 seit.
569 1668 646 1712 metu
668 1657 856 1728 seditionum,
876 1678 938 1732 quse
958 1677 1030 1732 sape
1053 1659 1192 1726 oriuntur,

166 1772 252 1828 quum
275 1751 305 1805 in
322 1749 419 1806 eadem
437 1758 526 1805 castra
542 1749 604 1804 duae
618 1749 743 1822 legiones
762 1760 874 1805 cocunt.

205 1857 254 1940 Af!
269 1856 359 1928 sr'gna.
374 1885 414 1896 -
425 1856 459 1908 Iri
464 1854 618 1927 principiis
637 1850 713 1930 (uide
734 1853 772 1910 nd
788 1855 889 1911 Othort.
897 1895 907 1922 ‚
929 1853 951 1931 t)
969 1855 1070 1910 milites
1089 1866 1192 1910 certam

162 1960 271 2022 partem
287 1944 419 2018 stipendii
439 1954 466 1999 et
479 1943 605 2018 pecuniae
622 1962 638 1999 e
658 1945 798 2001 donativis
817 1956 937 2020 acceptae
951 1945 1095 2020 deponere
1114 1947 1191 2002 sole-

164 2039 249 2106 bant,
266 2054 329 2110 quae
343 2034 518 2091 reddebatur
532 2034 565 2090 iis
579 2033 657 2090 linita
671 2035 778 2092 militia.

205 2147 311 2196 Aureus
328 2151 429 2193 ternos.
447 2141 481 2193 H.
497 2158 520 2194 e.
540 2139 577 2194 ad
590 2149 647 2195 tres
662 2158 779 2211 aureos,
797 2139 856 2197 sive
882 2152 1070 2217 septuagenos
1090 2141 1194 2214 quinos

165 2233 310 2302 denarios,
326 2249 400 2305 quos
414 2231 590 2304 accipiebant
603 2242 706 2304 quarto
721 2251 838 2306 quoquc
852 2252 947 2288 mense
962 2233 1077 2302 milites,
1091 2233 1194 2304 adjecit

165 2344 281 2382 aureum
300 2343 406 2392 unum,
428 2324 486 2380 sive
505 2323 634 2399 quinque
660 2341 693 2380 ac
712 2323 813 2398 viginti
832 2325 972 2382 denarios.
998 2319 1040 2381 ct.
1067 2326 1193 2395 zonis,

164 2421 288 2482 Annol.,
305 2435 345 2484 ιι,
363 2433 392 2490 p.
412 2413 476 2488 196.

206 2523 268 2578 Car.
286 2521 364 2575 vlu.
380 2519 559 2574 Ambitiosus.
574 2552 612 2561 —
626 2521 792 2575 Ambitiosa!
805 2524 950 2581 sententioe
963 2531 1030 2576 sunt
1043 2521 1195 2578 studiosius

169 2611 250 2666 dictae
263 2611 301 2666 ad
320 2609 541 2682 comperandum
560 2611 685 2666 favorem
698 2630 798 2666 eorum
814 2609 916 2684 quibus
929 2612 1127 2667 consulebatur
1143 2613 1194 2683 ju-

168 2702 253 2758 dicio.

209 2805 379 2877 Pcrfissoriis
393 2805 599 2862 assertionibus.
617 2835 656 2848 -
674 2807 798 2861 Assertio
812 2815 853 2861 est
866 2805 1020 2861 vindicatio
1034 2807 1063 2861 in
1076 2808 1192 2864 libertu-

167 2908 224 2951 tem
231 2918 242 2968 3
250 2897 432 2971 perfusoria,
444 2914 502 2970 qua
510 2913 563 2969 per
576 2895 705 2952 fraudem
717 2907 745 2952 et
759 2897 925 2952 calumniam
936 2899 1115 2971 perfunditur
1127 2903 1195 2976 (su-,-

170 2986 265 3064 χὺιτιιι)
280 2986 412 3042 dominus
421 2986 512 3057 servi,
527 2987 657 3062 adeoque
670 2988 795 3061 deceptis
806 2986 950 3059 judicibus
963 2987 1175 3046 condemnatur.

206 3079 395 3133 Nummarios.
411 3079 445 3134 ll.
460 3095 484 3132 e.
512 3071 633 3133 numuiis
646 3097 695 3134 seu
709 3078 829 3152 pecunia
842 3088 1002 3151 corruptos.
1021 3081 1061 3134 Ita
1079 3079 1135 3135 Cic.
1157 3081 1198 3134 ad

168 3175 246 3234 Act,
267 3187 294 3238 1,
315 3170 349 3223 13
366 3187 374 3226 a
389 3192 403 3220 o
413 3168 576 3224 Excitandis
589 3169 821 3245 exagitandisque
829 3169 992 3226 nummariis
998 3169 1151 3241 judicibus.
1166 3195 1178 3220 ι

208 3261 364 3316 Sordidum.
380 3261 415 3315 Η.
430 3278 454 3315 e.
472 3260 597 3333 pecunie
610 3261 827 3334 cupidissimum.
901 3259 903 3264 '

209 3367 320 3420 Morum
342 3367 515 3420 correctione.
539 3365 619 3420 Hane
647 3377 813 3439 perpetuam
841 3367 953 3436 sumsit,
980 3377 1049 3423 teste
1073 3365 1196 3439 stipsis,

172 3474 269 3526 nxvrr,
285 3475 315 3530 p.
330 3457 388 3528 760
408 3476 414 3508 τ
435 3467 543 3533 'riparii
555 3461 600 3518 «lsi
613 3463 673 3518 diso.

209 3563 244 3615 In
262 3562 361 3634 equite.
379 3561 415 3616 Η.
433 3579 457 3617 e.
473 3561 547 3616 inter
558 3561 677 3634 equites.

209 3663 338 3718 Inhibuit.
352 3663 540 3720 Restituendo
557 3665 688 3720 Rosciam
701 3666 807 3739 legem,
821 3683 885 3739 qne
898 3667 999 3721 sensim
1013 3667 1175 3741 elangueret
1190 3685 1197 3722 a

169 3773 273 3810 novans
292 3765 386 3812 ant·
400 3775 460 3812 non
474 3756 547 3812 tulit.
561 3759 605 3813 De
618 3775 650 3813 re
663 3757 699 3813 ci.
714 3759 879 3826 Μιιτιιι,.,
892 3774 921 3825 v,
935 3757 952 3812 8
967 3775 973 3809 :

396 3928 504 3979 Edictum
519 3928 617 3977 Domini
631 3927 723 3993 Dcique
736 3929 810 3979 nostri

395 4014 451 4073 Quo
465 4011 576 4061 subsellis
590 4012 693 4060 certiora
706 4009 781 4068 fiunt,

396 4095 425 4140 Et
440 4111 510 4159 puros
524 4110 595 4158 etptes
610 4093 704 4142 ordines
719 4093 815 4157 recepit.
