3164 5442
212 561 214 566 Ι
423 495 463 551 IN
486 495 570 552 OCT.
592 496 815 554 AUGUSTUM.
1090 516 1145 572 ¹99

142 611 253 666 hadr'cs.
271 611 307 668 Η.
326 629 351 666 e.
365 611 520 666 salutum.
535 608 638 681 Ovid„
655 611 715 666 Art.
729 629 804 678 aaa,
820 630 849 680 1,
871 630 924 664 rra
945 631 952 666 :

205 753 295 806 Ludius
305 763 423 820 aequatam
434 762 471 804 ter
482 753 544 822 pede
558 755 638 822 pulsat
649 754 758 806 humum.

144 894 323 966 Aretalogos.
339 892 427 946 Erant
439 890 605 965 philosophi
618 892 686 966 qui,
706 911 797 968 qunnr
810 903 964 950 sectatores
983 911 1043 950 non
1055 893 1147 950 hahe-

106 996 177 1055 rent,
192 983 323 1040 convivia
343 985 495 1040 beatorum
508 983 744 1059 frequentabant,
759 996 787 1041 et
805 998 918 1044 saturos
930 986 1016 1043 variis
1035 985 1073 1044 de
1084 988 1147 1044 vin-

100 1087 161 1134 tnte
175 1088 204 1134 et
222 1077 292 1132 vitio
307 1076 549 1152 disputationibus
568 1077 758 1135 delectabant.
772 1081 834 1135 Hos
852 1080 1033 1137 cricalatores
1041 1080 1147 1156 phito-

105 1172 206 1244 sophos
223 1170 353 1227 nominat
365 1171 480 1241 Senon,
493 1170 587 1244 Epist.
603 1189 682 1228 xxxx.
704 1172 747 1228 Cf.
761 1174 883 1244 luvra,
901 1191 953 1244 xv,
975 1175 1009 1231 16
1026 1195 1033 1230 ε

129 1359 134 1366 .
173 1349 176 1354 -
208 1353 214 1364 .
229 1351 236 1364 .
251 1352 258 1366 .
273 1352 280 1366 .
294 1314 382 1375 ΒὶΙειιν,
397 1324 438 1364 aut
452 1313 526 1364 risum
539 1313 637 1366 fortasse
648 1315 790 1382 quibusdam

206 1401 329 1458 Moverat,
342 1408 369 1448 ut
381 1397 484 1448 mendax
497 1399 647 1464 Aretalogus.

140 1510 207 1564 Cae.
225 1510 345 1565 Lxxv.
365 1508 595 1581 Prosusissime...
610 1508 790 1581 joculariter.
811 1511 833 1565 1.
853 1529 878 1566 e.
892 1509 1017 1567 maximo
1037 1522 1148 1583 sumtu,

103 1611 502 1677 qnemtatneunonnunquam
512 1602 686 1676 injacularia
695 1603 1149 1678 tantumprolundebat,notantc

103 1695 142 1749 Cl.
158 1696 247 1750 Hace.

146 1789 259 1843 Titulcia.
286 1789 344 1860 Qui
367 1791 537 1863 plerumque
565 1787 676 1862 aliquid
711 1787 803 1862 turpis
825 1787 981 1861 haberent,
1004 1799 1149 1865 tamquam

101 1879 159 1952 ipsa
177 1881 265 1936 verba
280 1882 388 1950 cilicia,
405 1881 559 1955 spongias,
574 1881 706 1934 rutabula
725 1889 754 1935 et
764 1877 915 1953 forcipes,
930 1879 960 1936 in
974 1881 1080 1955 quibus
1093 1883 1150 1938 ob-

101 1990 183 2028 scena
205 1974 273 2028 latet
290 1972 469 2049 significatio.
486 1973 621 2048 Spongioe
639 1970 714 2028 enirn
735 1980 765 2025 et
789 1972 938 2040 natabula,
960 1971 993 2028 id
1012 1991 1073 2048 quo
1093 1973 1149 2031 tiri

100 2084 198 2121 sumus
212 2067 324 2122 occulte
338 2064 514 2142 significant3
528 2065 623 2120 cilicia
638 2075 666 2120 et
675 2063 808 2138 satrapes
821 2073 952 2140 spectant
965 2065 1002 2122 ad
1015 2065 1149 2140 seminas,

99 2176 224 2214 venereo
244 2177 337 2214 sensu.

137 2251 443 2325 Inaequalissc'marum.
457 2253 493 2308 Η.
509 2272 533 2308 e.
549 2250 655 2308 diversi
672 2251 769 2326 pretii.

142 2343 306 2398 Venditare.
334 2345 458 2400 Solenne
481 2343 535 2400 fuit
561 2345 640 2419 apud
664 2354 773 2400 veteres
797 2344 828 2399 in
855 2343 989 2399 convivio
1016 2345 1150 2401 convivas

97 2436 172 2490 lacta
182 2434 339 2490 licitatione
353 2436 526 2508 exhilarare,
540 2446 610 2492 teste
625 2435 745 2508 Athen,
759 2454 835 2506 xm,
848 2455 878 2510 p.
894 2437 950 2506 607
967 2456 974 2491 ε
988 2439 1037 2497 Εἶθ’
1051 2446 1148 2518 ὕστερον

95 2541 256 2608 πωλουμένης
268 2543 311 2597 τῆς
327 2533 469 2608 αὐλητρίδος
482 2535 602 2609 (καθάπιρ
620 2540 670 2596 a'loc
687 2540 753 2590 lorea
768 2539 791 2614 la
811 2540 861 2598 τοῖς
876 2539 960 2598 esrae
974 2537 1107 2607 γὶνισθαι),
1126 2541 1149 2592 lv

94 2637 129 2698 τῷ
151 2631 282 2700 &papaten
295 2631 360 2682 neira
371 2632 497 2692 νεανίσκος
511 2628 539 2689 ἦν
554 2651 577 2683 κ.
594 2651 618 2683 τ.
632 2639 656 2682 λ-
727 2657 732 2668 ·

136 2717 251 2770 Lectos.
266 2715 373 2788 Nempe
388 2715 574 2771 convivarum
589 2733 708 2772 mensas.

135 2810 210 2864 Cae.
233 2808 367 2863 LXXVI.
393 2809 485 2863 Mearm
499 2827 642 2882 pressum.
666 2807 732 2864 Scil.
759 2809 888 2873 mollem,
916 2806 1150 2882 distinguendum

93 2901 250 2975 quidenna
268 2900 407 2954 veteribus
426 2911 455 2957 et
466 2903 567 2956 ortilis.
585 2901 628 2958 Cf.
644 2903 740 2956 Bonas.
755 2909 785 2956 et
799 2902 930 2970 Conona,
946 2917 986 2970 11,
1009 2918 1053 2955 tt.

133 2994 233 3048 Ficos.
249 2993 335 3062 Plin,
360 2995 394 3048 H.
418 2995 472 3060 Ν.,
489 3012 554 3064 aar,
577 3011 613 3064 ²7
639 3013 646 3047 :
670 2995 768 3048 «Sunt
791 3002 820 3047 et
835 2990 933 3048 bitem
953 2990 983 3047 in
1005 2989 1150 3048 ficubus.»

91 3091 234 3154 Cotum,
253 3103 287 3154 x,
303 3087 382 3150 hol:

204 3219 274 3267 Tunc
284 3233 376 3282 praecox
392 3217 468 3268 biles-a
479 3218 603 3268 descendit
617 3217 648 3267 ab
662 3217 750 3267 arbore
764 3216 832 3267 ficus.

131 3343 189 3397 Ea:
210 3339 296 3414 regia.
322 3344 458 3412 Quaenam
481 3341 517 3398 sit
538 3343 586 3398 illa
609 3339 706 3417 regia,
728 3351 826 3396 utrum
848 3339 948 3396 Numae
963 3339 1047 3412 juxta
1064 3339 1152 3396 aedem

89 3438 211 3506 Vestae,
230 3453 267 3490 an
281 3435 361 3512 regia
374 3437 449 3513 regis
468 3455 633 3506 sacrorum,
647 3435 798 3491 incertum.

133 3529 277 3596 §obbatis
283 3527 431 3598 jejunium.
449 3519 580 3586 Sabbatis
598 3527 742 3602 jejunium
761 3527 913 3583 servabant
927 3525 1033 3598 Judaei,
1048 3525 1152 3581 sisab—

89 3623 197 3677 batum
221 3639 276 3695 pro
289 3621 472 3679 hebdomade
486 3622 672 3697 accipiamus3
687 3622 745 3692 sin,
760 3632 792 3676 ut
806 3621 894 3692 solet,
907 3619 943 3676 de
965 3619 1086 3694 septimo
1106 3617 1153 3674 die

87 3713 293 3772 hebdomadis
312 3714 514 3791 intelligamus,
535 3716 653 3772 omnino
676 3715 778 3771 salsum
801 3724 843 3770 est
872 3716 911 3769 At
932 3732 1025 3788 quum
1051 3711 1088 3768 ab
1113 3709 1153 3767 eis

82 3810 196 3864 crebra
229 3809 361 3882 usurpari
378 3808 488 3881 jejunia
509 3809 615 3865 scirent
635 3807 759 3864 Romani
785 3816 813 3863 et
831 3806 861 3862 in
882 3805 983 3881 primis
1002 3805 1152 3863 sabbatum

82 3903 120 3954 ah
141 3899 256 3956 iisdem
270 3901 425 3974 celebrari,
439 3902 470 3959 id
490 3903 546 3960 sibi
561 3913 668 3959 temere
682 3910 887 3976 persuaserant.
906 3900 977 3956 Inde
993 3916 1074 3955 error
1089 3899 1153 3955 Au·

79 3995 165 4068 gusti
188 4012 230 4050 ex
245 3991 405 4068 ignorantia
418 4011 531 4054 morum
546 3994 609 4069 ejus
621 3993 721 4073 gentis.
739 3994 848 4050 Eodem
862 3991 951 4048 modo
964 3989 1154 4048 hallucinatus

83 4097 126 4140 est
144 4085 279 4157 lustin,
294 4105 398 4156 xxxvi,
420 4107 446 4145 a.
