3208 5430
540 517 580 568 ιιι
602 516 798 572 senonen.
1128 533 1181 588 277

194 631 257 685 Car.
277 631 399 685 xxxu.
419 631 478 685 Ute
492 632 684 687 himnorum...
695 635 874 706 contingeret.
890 636 984 703 Quum
1000 635 1183 706 libonotum,

151 723 257 796 quibus
269 723 353 777 liberi
370 741 428 777 non
443 734 550 794 essent,
565 725 708 780 hereditas
728 743 762 779 ex
781 725 893 781 semisse
907 725 1064 800 antiquitus
1082 727 1119 782 ad
1131 745 1185 802 pa-

153 826 252 870 tronos
267 814 437 887 pertineret,
455 833 514 870 non
529 815 669 870 modoad
687 816 849 872 dextantem
864 835 926 872 eam
943 819 1020 873 Nero
1041 817 1184 888 extendit,

151 907 200 962 sed
213 907 377 962 hereditatis
391 907 475 962 etiam
489 908 553 980 jure
567 927 624 963 non
635 927 701 963 suos
716 909 803 964 modo
820 911 937 965 libertos
955 912 1119 984 complexus
1134 921 1184 979 est,

150 999 201 1056 sed
225 1000 454 1072 quibuscumque
476 1019 579 1054 nornen
600 1001 657 1055 ulla
683 1000 718 1055 de
738 1019 822 1056 causa
847 1013 917 1057 esset
941 1021 1005 1056 cum
1028 1021 1076 1058 sua
1102 1013 1185 1077 gente

152 1103 337 1166 congustum,
364 1102 396 1146 ut
420 1092 524 1144 lulium
531 1131 538 1156 ,
564 1089 728 1157 Octavium,
754 1093 920 1162 Claudium,
940 1097 1108 1160 Antonium,
1127 1097 1186 1150 Do·

151 1185 266 1238 auruum.
287 1186 321 1238 ln
334 1183 389 1237 hoc
404 1184 583 1238 consentiunt
597 1185 660 1237 DD.
680 1183 749 1236 tiri.

192 1275 328 1330 Studiosis
335 1275 417 1352 'iuris
436 1277 479 1330 lta
493 1276 583 1342 Gell,
604 1267 665 1342 iu,
688 1272 732 1328 13.

191 1368 346 1424 Revocavit.
355 1371 501 1422 —Denuo
513 1369 583 1420 selei
594 1367 648 1419 sibi
653 1365 742 1434 jussit
751 1369 863 1440 praernia
878 1387 942 1422 cum
958 1368 1057 1423 delatis
1072 1359 1187 1423 coronis

152 1481 167 1516 a
185 1459 345 1516 civitatibus
359 1459 426 1514 olim
441 1459 551 1528 oblata,
569 1469 602 1514 ut
616 1459 676 1514 lere
689 1459 824 1530 conjicias
836 1462 981 1514 renovatur.

191 1553 390 1624 Arnethystini.
407 1552 493 1621 Plin,
509 1554 543 1609 H.
561 1551 616 1618 N.,
632 1569 698 1622 xxr,
713 1550 731 1606 8
746 1571 753 1604 ι
768 1575 781 1601 α
796 1551 890 1607 Alium
905 1555 1050 1626 (colorem)
1066 1553 1095 1606 in
1110 1570 1187 1608 ame-

152 1647 263 1721 thysto,
276 1645 327 1719 qui
341 1644 370 1700 in
387 1644 480 1714 viola;
494 1653 522 1698 et
540 1644 600 1717 ipse
617 1645 646 1698 in
662 1663 854 1718 purpureum,
873 1663 1016 1718 quemque
1029 1644 1187 1699 ianthinum

152 1736 391 1811 appellavimus.»
413 1735 456 1792 Cf.
478 1737 660 1806 Procnen,
683 1736 829 1810 Synqaos„
858 1755 914 1805 111,
945 1756 974 1804 ις
998 1747 1026 1791 et
1055 1738 1189 1808 Sacram,

151 1831 274 1885 Exercet.
290 1829 364 1884 erm.
372 1869 382 1894 ,
396 1847 425 1902 p.
446 1828 512 1901 398.

194 1923 344 1977 Praeclusit
357 1922 551 1994 negotiatores.
561 1921 658 1987 Quum
670 1917 860 1994 negotiatores
874 1930 973 1975 contra
984 1921 1102 1976 vetitum
1116 1939 1188 1975 ven-

153 2011 291 2069 didissent
310 2011 527 2087 amethystinum
546 2022 573 2067 et
583 2011 687 2086 tyrium
703 2013 843 2080 colorem,
853 2030 951 2068 eorum
964 2013 1094 2068 tabernas
1107 2017 1189 2068 clau-

152 2108 205 2174 sit,
221 2125 275 2162 nec
297 2105 365 2162 inde
386 2122 436 2160 eos
457 2104 537 2178 prius
561 2103 706 2159 discedere
726 2113 776 2158 aut
794 2121 902 2159 merces
924 2104 1074 2178 deportare
1090 2121 1183 2177 pessus

153 2209 209 2270 est,
224 2217 310 2273 quarn
326 2197 488 2253 extorsisset
501 2196 651 2269 pecuniam
667 2214 724 2269 qua
739 2214 853 2270 poenarn
872 2195 1053 2252 redimerent.

194 2291 335 2345 Detraxit.
353 2289 461 2358 Tacit,
479 2291 583 2344 Annal.
593 2327 602 2353 ,
625 2306 673 2356 xv,
688 2286 724 2354 45
750 2307 757 2342 ι
779 2289 916 2342 «Interea
938 2287 1117 2342 conferendis
1133 2305 1188 2360 pe-

153 2383 243 2440 cuniis
261 2393 421 2456 pervastata
440 2381 536 2449 ltalia,
557 2380 710 2452 provincia
735 2398 853 2450 eversae,
874 2379 1001 2452 sociique
1021 2379 1138 2452 populi,
1162 2390 1190 2434 et

153 2494 217 2550 quae
232 2474 376 2530 civitatum
391 2474 484 2528 liberae
497 2483 646 2528 vocantur.
661 2473 753 2544 Inque
768 2489 828 2525 eam
841 2471 967 2544 praedam
982 2471 1065 2526 etiam
1075 2470 1114 2526 dii
1129 2489 1191 2526 ces·

153 2585 231 2637 sere,
249 2566 375 2639 spoliatis
395 2566 425 2620 in
438 2565 510 2620 urbe
524 2564 651 2638 templis,
666 2574 742 2618 etun

194 2661 260 2716 Car.
276 2659 418 2715 xxxlll.
440 2657 543 2713 Cibum.
559 2657 631 2726 Dio,
652 2672 702 2724 Lx,
722 2673 750 2726 p.
773 2652 831 2725 689
852 2673 858 2708 2
881 2651 903 2712 ὁ
924 2664 1005 2732 Νέρων
1027 2664 1189 2725 alsinellias

154 2759 250 2831 μνήμης
264 2760 320 2818 ἶπες
336 2758 468 2810 κατίλιπι·
481 2757 536 2817 τοὺς
547 2758 594 2827 γὰρ
609 2756 718 2825 placere:
730 2757 797 2804 Θιῶι
816 2749 904 2822 Epope
920 2754 999 2823 ἱλιγιν
1015 2747 1087 2817 alsat,
1101 2755 1137 2806 ὄτι
1146 2754 1190 2807 καὶ

155 2853 243 2913 lusisse
261 2839 310 2918 (⁵0·
330 2839 476 2918 Claudius)
495 2845 538 2901 διὰ
557 2855 599 2901 τοῦ
615 2849 719 2918 μύκητας
730 2847 780 2904 tric
794 2846 904 2913 ίγιγόνιι.

192 2948 355 3003 Iocabatur.
375 2947 477 3002 Dicere
490 2946 642 3001 videbatur
656 2946 733 2998 Nero
748 2941 896 2997 Claudiurn
911 2941 1013 2998 desisse
1027 2945 1134 2997 morari
1141 2963 1191 2998 seu

152 3059 269 3096 manere
289 3039 364 3094 inter
383 3039 527 3108 homines,
546 3056 636 3111 quum
659 3032 778 3110 intelligi
799 3033 885 3087 vellet
909 3051 973 3088 eum
990 3043 1049 3108 'per
1071 3047 1191 3090 mortem

154 3131 268 3206 desiisse
282 3132 419 3198 delirare,
432 3149 497 3184 nam
511 3148 598 3204 graece
613 3137 690 3208 pap&
702 3128 813 3182 fatuum
827 3121 965 3199 significat
980 3146 987 3180 ι
1002 3125 1068 3182 inde
1087 3145 1190 3192 morus,

154 3235 187 3278 ut
206 3224 237 3279 in
254 3224 359 3294 Plaut,
373 3223 469 3289 Men,
485 3240 524 3292 ιν,
540 3240 571 3290 a,
596 3239 607 3275 ι
631 3240 639 3276 :

262 3399 295 3446 Ut
308 3395 355 3446 hoc
369 3394 459 3444 utimur
472 3393 574 3442 maxime
589 3409 654 3442 more
669 3408 744 3442 more.

196 3564 355 3635 Aggressuc
369 3572 418 3615 est.
435 3559 477 3616 Cl.
498 3561 613 3626 Tecto,
632 3560 752 3621 Annei,
770 3576 847 3627 χιιι,
867 3557 916 3629 ι5,
930 3579 992 3634 sqq.

199 3654 313 3727 Legem.
332 3654 377 3708 Sc.
398 3652 481 3706 Sullae
505 3647 650 3705 dictatoris
670 3648 706 3702 de
721 3647 843 3717 sicariis,
864 3667 926 3722 quse
953 3651 1193 3723 complectebatur

156 3743 311 3813 veneficia,
325 3742 475 3817 repetitam
491 3761 507 3796 a
524 3740 600 3796 lulio
615 3741 730 3795 Caesare.

202 3838 442 3893 Proesentaneum.
460 3835 494 3887 H.
509 3852 533 3888 e.
549 3833 629 3906 quod
645 3844 809 3905 presentem
823 3831 1056 3907 repentinamque
1075 3833 1192 3889 interret

153 3943 285 3989 mortem.

196 4024 305 4080 Morbo.
321 4019 399 4090 Quid
419 4017 454 4074 sit
475 4016 539 4073 vide
559 4035 621 4090 sup.
636 4017 664 4072 in
684 4017 775 4082 Care,
793 4036 858 4072 xus.

202 4117 392 4178 Ymnslatittb.
408 4111 495 4183 Quod
505 4110 643 4164 modicum
657 4108 726 4162 dicit
741 4108 849 4175 Tacit,
869 4108 917 4162 ub.
937 4126 999 4180 sup.
1020 4126 1027 4160 :
1044 4109 1128 4162 «Nox
1144 4127 1193 4161 ea·
