3138 5438
438 507 623 582 ocmvrus
637 523 840 582 aucusrus.
1026 569 1028 574 ,
1109 525 1146 598 ⁵9

124 642 280 734 scriptum
295 639 374 714 olim
392 644 434 712 ab
450 667 490 714 eo
506 659 632 738 patrem
648 645 803 734 Paulum,
819 659 852 715 ct
867 647 959 740 quasi
976 648 1146 716 occasione

126 757 257 828 ultionis
271 757 399 849 oblata,
417 762 600 832 interlicere
615 779 752 836 conatus
766 777 824 834 est.
841 767 920 838 Post
932 766 1079 860 Pompeii
1095 765 1146 834 lu-

124 901 211 969 gam,
229 876 431 973 collegarum
446 878 587 952 alterum
601 884 649 952 Μ.
672 883 851 976 Lepidum,
869 907 967 976 quesn
984 908 1021 952 ex
1037 883 1147 954 Africa

126 998 157 1062 in
165 996 327 1066 auxilium
334 1015 500 1088 evocarat,
509 1001 750 1094 superbientem
758 1003 874 1098 viginti
885 1003 1052 1098 legionum
1061 1002 1146 1072 lidu-

124 1116 186 1202 cia,
196 1139 411 1210 summasque
420 1119 480 1188 sibi
493 1133 602 1214 partes
614 1133 738 1189 terrore
750 1145 790 1188 ac
801 1121 899 1192 minis
914 1121 1145 1206 vindicantem,

122 1231 277 1325 spoliavit
299 1238 445 1306 exercitu
468 1263 477 1307 s
503 1236 767 1332 supplicemque,
789 1263 942 1311 concessa
964 1241 1049 1328 vita,
1070 1241 1145 1312 Cir·

123 1352 206 1420 ceios
221 1354 258 1420 in
273 1369 469 1448 perpetuum
484 1355 650 1452 relegavit.

165 1473 277 1540 XVII.
304 1475 353 1542 bb
366 1475 502 1544 Antonii
513 1477 699 1546 societatem
712 1499 840 1573 semper
852 1476 985 1546 dubiam
999 1491 1031 1548 et
1044 1478 1145 1546 incer-

122 1605 202 1676 tam,
221 1590 609 1688 reconciliationibusque
625 1597 723 1666 va'riis
742 1595 825 1666 male
841 1595 1032 1682 fucillantem,
1051 1597 1146 1666 abru-

120 1710 166 1801 pit
178 1709 329 1780 tandem.
339 1715 382 1781 Et
393 1735 461 1804 qno
472 1714 590 1807 magis,
603 1712 813 1808 degenerasse
824 1737 899 1784 eum
910 1712 1027 1784 acivili
1039 1739 1145 1797 more,

119 1828 340 1920 approbaret,
367 1845 621 1921 testamentum,
649 1831 737 1925 quod
766 1834 794 1902 is
822 1837 954 1920 Rome,
977 1833 1076 1902 ctiam
1105 1832 1146 1902 de

119 1947 298 2044 Cleopatra
319 1948 431 2020 liberis
450 1951 535 2020 iuter
554 1950 690 2021 heredes
710 1953 929 2045 nuncupatis,
949 1949 1144 2044 reliquerat,

119 2067 338 2161 aperiendum
346 2069 616 2164 recitandumque
624 2095 686 2164 pro
694 2071 852 2140 concione
861 2072 998 2148 curavit.
1006 2073 1144 2144 nemim

119 2201 226 2256 brnen
252 2187 341 2256 hosti
361 2186 511 2282 judicato
531 2169 784 2258 necessitudines
805 2190 990 2284 ambosque
1013 2213 1143 2276 omnes,

117 2319 213 2399 atque
224 2307 318 2374 inter
330 2304 411 2376 alios
425 2309 463 2376 C.
477 2307 606 2376 Sosium
618 2321 652 2374 et
663 2310 724 2378 Cn.
736 2307 934 2393 Domitium,
947 2321 1026 2376 tunc
1036 2306 1143 2384 adbuc

116 2425 278 2494 consules.
297 2425 559 2495 Bononiensibus
577 2449 708 2518 quoque
724 2423 868 2518 publice,
883 2424 973 2517 quod
990 2425 1025 2492 in
1043 2428 1144 2494 Anto·

117 2546 247 2613 nicrum
255 2542 407 2612 clientela
415 2544 596 2636 antiquitus
602 2556 709 2630 erant,
720 2545 857 2637 gratiam
866 2543 941 2612 fecit
948 2541 1140 2634 conjurandi

116 2689 187 2732 eum
206 2677 283 2732 tota
297 2659 393 2732 Italia
407 2685 469 2754 pro
486 2661 633 2754 partibm
649 2663 725 2730 suis.
744 2663 813 2730 Nec
829 2659 934 2739 multo
947 2674 1022 2753 post
1035 2658 1140 2728 navali

116 2781 231 2874 praelio
256 2780 349 2874 apud
368 2781 500 2849 Actium
521 2781 617 2872 vicit,
644 2781 678 2848 in
701 2803 810 2848 serum
835 2778 1044 2846 dimicatione
1064 2801 1142 2871 pro-

116 2915 232 2986 tracta,
253 2913 293 2968 ut
313 2901 348 2966 in
368 2900 443 2966 navi
463 2902 568 2968 victor
585 2897 836 2992 pernoctaverit.
854 2895 907 2966 Ab
925 2895 1022 2966 Actio
1039 2919 1142 2989 quum

115 3024 251 3088 Samum
269 3020 306 3086 in
324 3017 462 3086 hiberna
479 3041 513 3084 se
528 3017 717 3109 recepisset,
734 3015 884 3084 turbatus
899 3013 1025 3082 nuntiis
1039 3011 1080 3081 de
1094 3037 1143 3082 se·

115 3139 240 3208 ditione
255 3135 419 3220 militum,
433 3137 564 3228 premia
579 3149 611 3204 et
625 3135 811 3219 missionem
825 3133 1045 3227 poscentium,
1059 3156 1142 3226 quos

113 3259 262 3328 exomni
283 3279 437 3340 numero,
452 3253 599 3324 confecta
615 3253 767 3340 victoria,
783 3251 993 3322 Brundisium
1009 3250 1140 3345 preemi-

112 3390 209 3462 serat,
218 3376 346 3468 repetit
357 3371 499 3459 Italiam,
509 3385 700 3466 tempestate
711 3373 746 3439 in
760 3371 900 3464 trajectu
911 3370 962 3438 bis
973 3369 1141 3438 conflicta·

114 3509 165 3564 tus
176 3521 185 3564 ε
197 3498 312 3588 primo
324 3494 410 3562 inter
423 3491 647 3585 promontoria
661 3489 875 3584 Peloponnesi
888 3503 986 3582 atquc
997 3487 1142 3572 mulie,

112 3637 223 3684 rursus
234 3615 329 3682 circa
342 3625 471 3680 montes
484 3612 678 3693 Ceraunios,
692 3609 866 3702 utrobique
879 3623 971 3702 parte
986 3607 1141 3677 Liburni-
1250 3697 1254 3705 .

111 3757 223 3802 cerum
245 3731 411 3818 demessa,
430 3727 592 3824 simulque
611 3729 696 3822 ejus,
713 3729 746 3796 in
763 3749 828 3821 qua
846 3727 1040 3812 vehebatur,
1059 3725 1141 3794 fusis

111 3852 325 3920 caementis
341 3864 375 3917 et
396 3847 617 3943 gubernaculo
633 3847 794 3916 dillracto.
806 3849 876 3916 Nec
889 3843 1029 3940 amplius
1042 3858 1140 3937 quam

24 3973 26 4000 '
110 3984 234 4063 septem
249 3985 285 4038 et
299 3971 421 4062 viginti
442 3964 525 4048 dies,
545 3965 648 4036 donec
669 3965 828 4035 desideria
846 3963 987 4033 militum
1007 3962 1134 4038 ordina·

24 4075 25 4108 ³
112 4107 244 4180 rentur,
263 4090 435 4159 Brundisii
456 4103 692 4174 commoratus,
712 4092 795 4160 Asiae
815 4089 980 4182 Sysiaetpte
1000 4088 1139 4156 circuitu
