3114 5446
490 493 689 550 cnnunnus.
1042 512 1099 567 ,η

94 613 162 684 nihil
184 629 253 684 tota
277 616 345 690 via.
372 639 486 708 quam,
516 629 642 686 essetne
665 615 727 684 sibi
754 614 880 688 salvum
911 617 1100 711 imperium,

89 737 253 828 requirens.
579 831 580 834 Ἴ

126 857 296 924 xxxvtt.
331 851 432 930 Nulla
461 855 544 926 adeo
569 857 728 952 suspicio,
754 855 866 926 nullus
890 871 1006 928 auctor
1033 869 1115 928 tam

89 971 156 1042 levis
172 975 314 1062 exstitit,
332 999 352 1044 a
370 999 437 1068 quo
452 998 537 1059 non,
555 975 712 1044 mediocri
731 972 888 1070 scrupulo
905 975 1041 1070 injecto,
1058 975 1101 1046 ad

89 1091 260 1162 cavendum
278 1090 567 1187 ulciscendumque
584 1091 844 1188 compelleretur.
861 1097 958 1166 Unus
975 1119 1015 1164 ex
1031 1092 1099 1164 liti·

87 1212 246 1305 galeribus
270 1211 407 1282 seducto
432 1212 467 1282 in
492 1211 685 1283 salutatione
703 1212 895 1298 affirmavit,
921 1213 1041 1282 vidisse
1065 1239 1101 1283 se

87 1355 137 1422 per
153 1333 315 1424 quietem,
340 1330 446 1400 occidi
464 1355 540 1400 eum
564 1331 766 1424 aquodam:
793 1333 869 1401 dein
888 1331 987 1426 paulo
1007 1347 1099 1427 post,

86 1451 166 1541 quasi
188 1467 416 1544 percussorem
437 1466 646 1544 agnosceret,
673 1449 818 1520 libellum
837 1449 1021 1522 tradentem
1040 1451 1099 1520 ud·

85 1571 253 1638 versarium
277 1595 371 1640 suum
396 1569 651 1658 demonstravit;
674 1569 909 1663 confestimque
924 1571 951 1638 is
968 1595 1029 1664 pro
1046 1569 1101 1640 de·

84 1688 234 1778 prehenso
258 1688 300 1758 ad
326 1714 455 1783 poenam
474 1704 588 1782 raptus
605 1703 663 1758 est.
693 1689 769 1758 Pari
789 1688 888 1757 modo
907 1713 1099 1783 oppressum

84 1805 183 1876 serunt
198 1808 346 1902 Appium
361 1807 527 1878 Silanum:
547 1833 646 1902 quem
660 1833 762 1901 quum
775 1807 951 1878 Messalina
967 1822 1001 1877 et
1015 1809 1101 1878 Nar·

84 1927 174 1996 cissos
188 1929 435 2021 conspirassent
448 1929 601 2022 perdere,
620 1927 731 1996 divisis
749 1928 910 2022 partibus,
927 1926 1010 1996 alter
1024 1942 1101 1996 ante

83 2041 178 2114 lucem
199 2045 317 2116 similis
335 2049 475 2117 attonito
494 2048 622 2141 patroni
643 2046 833 2116 cubiculum
850 2047 988 2140 irrupit,
1012 2046 1099 2116 affir-

82 2189 165 2234 mans
181 2167 363 2236 somniasse
380 2191 430 2252 se,
444 2169 512 2236 vim
529 2167 559 2234 ei
578 2167 620 2236 ab
635 2167 743 2260 Appio
761 2165 884 2236 illatam
901 2191 909 2235 s
930 2164 1049 2251 altera,
1065 2167 1099 2236 in

81 2285 328 2356 admirationem
348 2287 504 2372 formata,
534 2286 596 2354 sibi
623 2310 755 2379 quoque
780 2285 927 2355 eamdem
956 2288 1099 2381 speciem

77 2401 197 2498 aliquot
211 2407 282 2498 jam
302 2405 454 2474 noctibus
473 2405 656 2490 obversari,
673 2401 796 2472 retulit.
816 2406 886 2473 Neo
901 2404 1008 2476 multo
1026 2421 1101 2499 post

77 2549 111 2590 ex
131 2529 318 2620 composito
338 2526 520 2618 irrumpere
539 2527 663 2618 Appius
684 2527 879 2612 nunciatus,
902 2529 955 2594 cui
976 2525 1100 2621 pridie,

77 2645 115 2713 ad
132 2646 165 2714 id
183 2646 342 2740 temporis
357 2658 395 2713 ut
411 2642 549 2722 adesset.
570 2659 771 2738 preceptum
787 2659 876 2727 erat,
893 2646 985 2735 quasi
1004 2643 1101 2736 plane

76 2779 362 2858 repraesentaretur
390 2763 508 2832 somnii
538 2761 635 2847 fides,
667 2764 784 2830 arcessi
814 2763 923 2830 statim
953 2785 991 2830 ac
1016 2764 1101 2830 mori
1193 2753 1194 2762 ¹

73 2888 179 2976 jussus
196 2904 258 2958 est.
276 2889 348 2958 Nec
365 2887 526 2956 dubitavit
545 2901 677 2981 postero
694 2886 748 2954 die
762 2883 935 2973 Claudius,
952 2886 1101 2954 ordinem

74 3009 116 3074 rei
134 3023 237 3103 gestae
255 3008 400 3100 perferre
415 3006 457 3076 ad
475 3023 640 3088 senatum,
660 3029 698 3074 ac
716 3005 834 3074 liberto
851 3007 972 3098 gratias
990 3029 1101 3100 agere,

73 3125 156 3217 quod
174 3155 239 3222 pro
257 3125 361 3220 salute
378 3150 435 3196 sua
453 3127 551 3194 etiam
569 3123 734 3194 dormiens
749 3125 932 3193 excubaret.

115 3249 390 3332 umnam
407 3259 505 3338 etque
524 3243 699 3312 iracundiae
713 3245 862 3312 conscius
879 3242 956 3328 sibi,
974 3259 1103 3312 utrum·

72 3390 135 3458 qne
152 3366 327 3436 excusavit
345 3365 471 3453 edict03
498 3363 728 3456 distinxitque,
752 3360 916 3455 pollicitus
935 3391 953 3426 a
966 3360 1102 3431 alteram

70 3485 210 3576 quidem
238 3486 370 3554 brevem
402 3499 435 3552 et
465 3483 655 3562 innoxiam,
687 3480 822 3550 alteram
850 3506 917 3550 non
945 3481 1101 3572 injustam

69 3605 149 3674 lore.
167 3635 187 3670 n
209 3604 432 3687 Ostiensibus,
452 3602 530 3695 quie
548 3601 609 3669 sibi
629 3601 783 3670 subeunti
802 3599 948 3688 Tiberim
966 3597 1102 3690 scaphas

67 3723 207 3794 obviam
238 3748 306 3792 non
334 3724 501 3808 miserint,
530 3721 672 3816 graviter
699 3720 875 3812 correptis,
900 3741 1003 3810 eaque
1027 3739 1101 3784 cum

65 3843 215 3926 invidia,
226 3858 287 3936 pt,
306 3843 367 3910 sin
384 3841 530 3910 ordinem
544 3865 579 3908 se
588 3853 756 3925 coactum,
770 3866 786 3900 n
803 3836 1037 3915 conscriberet,
1053 3859 1104 3902 re-

64 3979 190 4050 pente,
211 3977 341 4034 tantum
363 3986 429 4030 non
453 3959 678 4029 satisfacientis
707 3957 826 4044 modo,
852 3955 980 4022 veniam
1002 3951 1101 4020 dedit.

65 4081 267 4170 Quosdam,
283 4083 317 4150 in
333 4078 466 4175 publico
483 4103 599 4172 parum
615 4077 807 4170 tempestive
821 4073 1101 4156 arleuntes,manu

910 4187 960 4258 15.
