3164 5442
313 519 317 532 ¹
420 517 472 574 182
882 517 997 576 NOTAE

457 637 633 711 Recognotit.
653 638 717 693 Hoc
730 647 811 693 anteo
830 655 982 694 censorum
995 636 1097 692 iuerat.

459 729 689 785 Tmnsvectionis.
711 732 766 786 Per
785 749 886 805 quam,
906 739 970 786 test.
985 729 1048 785 ttv.
1068 747 1117 801 rx,
1131 727 1163 784 in
1175 725 1247 798 fine,
1264 728 1386 804 Equites
1403 732 1466 786 olea

416 824 547 878 commati
555 864 564 890 ,
580 823 673 878 t'dibue
685 824 817 899 quintil,
832 824 871 880 ab
890 825 955 880 oede
971 824 1109 892 Honoris,
1124 823 1198 880 albei
1220 823 1301 899 equr's
1314 823 1468 881 mn'dmtes
1568 865 1569 872 ι

415 917 445 970 io
464 915 634 990 Capitolium
649 918 808 974 transient
830 919 876 973 De
897 917 951 974 bac
969 917 1053 993 plura
1071 915 1139 974 vide
1157 914 1237 992 apud
1256 917 1378 990 boare„
1397 919 1466 974 Ant.

417 1011 517 1076 Rom„
539 1029 584 1080 rr,
599 1029 628 1085 p.
645 1009 712 1069 285.

458 1114 544 1170 labe.
564 1117 653 1184 Puta,
672 1133 756 1171 nares
775 1114 915 1189 praciam
938 1116 984 1171 vel
1005 1133 1102 1187 aures,
1117 1125 1168 1172 aut
1185 1113 1265 1172 aliud
1281 1115 1366 1191 quod
1381 1134 1468 1194 grave
1568 1159 1569 1188 ι

415 1207 520 1262 vulnus
537 1206 717 1281 impositum,
731 1216 868 1263 monente
887 1207 1049 1264 casaubon.

459 1313 592 1369 Gratiam
595 1312 699 1388 secit...
713 1315 830 1370 nollent.
845 1315 918 1369 Rem
933 1313 1059 1370 dilucide
1068 1313 1193 1388 explicat
1210 1315 1252 1373 ct.
1263 1315 1364 1371 Hace.-
1378 1316 1469 1371 «Tri-

416 1405 481 1463 bnit
498 1410 644 1482 Augustus
662 1405 713 1476 iis,
731 1406 784 1482 qui
796 1406 833 1462 ad
846 1425 909 1462 eam
924 1417 1034 1463 aetatem
1053 1407 1186 1482 provecti
1204 1409 1300 1464 nullos
1313 1407 1422 1483 qussrus
1439 1409 1469 1464 in

416 1509 546 1556 matum
573 1498 714 1570 intrarent
738 1499 864 1555 bonores
890 1509 1081 1573 acceperant,
1107 1499 1166 1556 hoc
1184 1497 1375 1570 beneficium,
1395 1510 1430 1556 ut
1453 1520 1468 1556 a

415 1593 537 1648 molesto
551 1590 695 1665 stipendio
717 1591 794 1646 inter
811 1591 922 1666 equites
941 1593 1072 1649 merendi
1085 1611 1173 1648 onere
1186 1591 1317 1664 liberati,
1335 1591 1469 1650 ordinem

417 1694 579 1758 equestrem
591 1682 765 1754 retinerent,
787 1702 848 1759 quo
867 1683 1039 1742 excidebant
1053 1683 1178 1742 vendere
1190 1703 1298 1761 equum
1316 1703 1333 1740 a
1350 1703 1471 1742 censore

415 1796 520 1850 Jttasr.»

459 1871 526 1926 Cur.
541 1870 688 1926 XXXIX.
703 1871 901 1944 Pugillan'um.
913 1871 948 1925 Η.
964 1891 988 1927 e.
999 1871 1168 1927 tabellarum
1183 1871 1213 1926 in
1222 1869 1328 1945 quibus
1346 1869 1472 1928 describi

418 1971 569 2020 curaverat
584 1980 774 2038 qrxaeeumque
791 1961 846 2018 illia
868 1973 950 2020 erant
964 1961 1144 2036 objicienda,
1166 1972 1199 2018 ut
1215 1961 1325 2036 probra
1344 1981 1399 2020 aua
1418 1982 1470 2020 co-

417 2055 517 2132 gnosci
531 2056 660 2113 videntes
678 2054 716 2112 ad
729 2055 876 2112 meliorem
890 2075 920 2112 se
934 2056 1047 2132 frugem
1060 2066 1269 2113 converterent.

459 2163 528 2218 Cur.
545 2161 608 2216 XL.
627 2161 856 2230 Quatuonlecim.
878 2161 944 2216 Scil.
965 2161 1116 2218 ordinibus
1130 2181 1181 2218 seu
1198 2160 1359 2238 gradibus:
1380 2161 1419 2218 de
1432 2161 1471 2216 bis

418 2254 486 2310 ride
501 2271 588 2327 supra
609 2253 698 2318 Cas„
719 2271 822 2308 xxxix.

465 2358 634 2414 Tlteatralis.
660 2358 765 2433 Legem
792 2359 897 2414 Juliam
924 2360 1089 2415 theatralem
1117 2368 1322 2414 commemorat
1351 2356 1469 2422 Plinius,

418 2470 534 2522 xxxur,
551 2470 583 2522 a,
598 2469 654 2524 qua
678 2449 772 2505 fuerat
792 2451 993 2522 constitutum,
1012 2451 1109 2507 necui
1127 2469 1246 2507 aureum
1263 2451 1404 2506 annulum
1422 2469 1470 2525 ge-

418 2563 482 2601 rere
497 2542 612 2612 liceret,
629 2540 684 2598 niti
698 2541 745 2598 cui
763 2541 889 2620 ingenuo
904 2525 978 2618 ipsi,
997 2543 1085 2618 patri,
1105 2561 1219 2618 avoque
1232 2553 1358 2617 paterno
1367 2551 1468 2598 sester-

418 2635 459 2692 tia
480 2653 551 2692 cccc
568 2653 668 2690 censue
686 2634 801 2705 maaet,
821 2646 850 2692 et
873 2638 935 2711 lege
951 2637 1031 2692 Iulia
1045 2635 1180 2691 theoduli
1197 2635 1228 2690 in
1250 2653 1303 2690 xrv
1321 2634 1469 2692 ordinibus

420 2725 549 2784 cedendi.

461 2836 540 2911 Egit.
555 2837 599 2889 De
612 2833 669 2889 boc
682 2852 783 2890 census
797 2852 902 2910 genere
915 2833 982 2890 vide
996 2853 1097 2909 supra,
1117 2834 1209 2902 Care,
1228 2852 1288 2890 ιιι.

466 2944 606 2996 Tessems.
633 2941 722 2995 Erant
747 2939 867 2996 frustilla
890 2941 1001 3016 lignea,
1024 2951 1101 2996 certa
1123 2939 1215 2996 forma
1237 2939 1394 3017 insignita,
1410 2957 1469 3014 que

421 3032 565 3090 dabantur
578 3029 612 3088 iia
626 3031 734 3106 quibus
747 3032 866 3088 facultas
879 3043 940 3089 erat
956 3033 1075 3107 petendi
1090 3031 1207 3106 publice
1225 3031 1375 3089 frumenti.
1389 3029 1470 3090 Unde

422 3128 543 3193 iuven,
557 3143 604 3193 vr,
623 3131 677 3194 174
699 3145 706 3179 :

764 3355 769 3366 .
783 3355 789 3366 .
806 3355 812 3366 .
828 3353 836 3367 .
850 3319 904 3380 Qua
918 3315 971 3366 vilia
982 3325 1069 3366 testera
1083 3315 1149 3366 venit

528 3401 651 3451 Frumenti
654 3439 763 3453 ......

464 3582 653 3638 Comt'ttbmm.
670 3582 772 3651 Qualia
788 3581 841 3638 sub
856 3585 964 3639 Caesare
979 3583 1101 3640 fuerant.
1117 3583 1192 3640 Vide
1212 3599 1276 3656 sup.
1300 3583 1374 3639 Cres.
1383 3624 1393 3650 ,
1415 3601 1473 3638 xm.

423 3673 465 3730 Cf.
480 3675 588 3744 Dente,
602 3693 677 3743 ern,
691 3693 718 3747 p.
737 3675 802 3732 511.

464 3767 535 3822 Suis.
559 3767 607 3822 Ad
625 3766 767 3823 Fabianus
781 3767 943 3840 pertinebat
966 3768 1138 3842 obgentem
1161 3769 1329 3837 Octaviam
1347 3766 1384 3824 ad
1405 3767 1474 3823 sca-

421 3860 561 3934 ptieuses,
576 3859 616 3915 ob
630 3871 744 3936 gentem
762 3861 874 3916 Juliam.
932 3853 934 3858 ’

465 3955 490 4008 A
506 3971 545 4008 se.
563 3953 601 4008 te
618 3971 642 4008 e.
660 3952 697 4008 de
712 3972 775 4010 suo.

467 4045 644 4102 Termt'ttavt't.
654 4046 728 4117 Dio,
743 4064 791 4116 tv,
804 4063 833 4119 p.
850 4042 905 4116 557
918 4065 924 4100 ε
941 4051 1042 4114 dtinuit
1057 4052 1101 4108 riv
1116 4074 1142 4106 rr
1157 4057 1254 4113 ἠλικίαν
1267 4055 1296 4112 ἢν
1312 4057 1351 4106 rit
1366 4074 1396 4106 ra
1411 4055 1476 4106 tto·

423 4145 630 4214 duodecicimum
646 4146 689 4200 καὶ
708 4149 751 4206 τὴν
770 4148 946 4217 &cetreiano
969 4150 1011 4200 ὑπ’
1030 4147 1105 4199 αὐτοῦ
1125 4147 1187 4216 lxm
1204 4143 1303 4204 dorion*
1321 4145 1364 4200 aui
1386 4146 1423 4200 τὶ
1438 4142 1476 4198 δι-
