<?xml version="1.0" encoding="UTF-8"?>
<!DOCTYPE html PUBLIC "-//W3C//DTD XHTML 1.0 Transitional//EN"
    "http://www.w3.org/TR/xhtml1/DTD/xhtml1-transitional.dtd">
<html xmlns="http://www.w3.org/1999/xhtml" xml:lang="en" lang="en">
 <head>
  <title>
</title>
<meta http-equiv="Content-Type" content="text/html;charset=utf-8" />
  <meta name='ocr-system' content='tesseract 3.04.00' />
  <meta name='ocr-capabilities' content='ocr_page ocr_carea ocr_par ocr_line ocrx_word'/>
</head>
<body>
  <div class='ocr_page' id='page_1' title='image "./caiisuetonitran00grosgoog_0466.png"; bbox 0 0 3164 5442; ppageno 0'>
   <div class='ocr_carea' id='block_1_1' title="bbox 452 539 1166 596">
    <p class='ocr_par' dir='ltr' id='par_1_1' title="bbox 452 539 1166 596">
     <span class='ocr_line' id='line_1_1' title="bbox 452 539 1166 596; baseline -0.006 0"><span class='ocrx_word' id='word_1_1' title='bbox 452 541 493 596; x_wconf 83' lang='lat' dir='ltr'>IN</span> <span class='ocrx_word' id='word_1_2' title='bbox 514 541 597 595; x_wconf 82' lang='lat' dir='ltr'>OCI&#39;.</span> <span class='ocrx_word' id='word_1_3' title='bbox 620 539 843 596; x_wconf 75' lang='lat' dir='ltr'>AUGUSTUM.</span> <span class='ocrx_word' id='word_1_4' title='bbox 1117 539 1166 592; x_wconf 77' lang='grc' dir='ltr'>ιόι</span> 
     </span>
    </p>
   </div>
   <div class='ocr_carea' id='block_1_2' title="bbox 127 651 1170 820">
    <p class='ocr_par' dir='ltr' id='par_1_2' title="bbox 127 651 1170 820">
     <span class='ocr_line' id='line_1_2' title="bbox 163 651 1170 728; baseline -0.002 -18"><span class='ocrx_word' id='word_1_5' title='bbox 163 656 366 710; x_wconf 79' lang='lat' dir='ltr'>liedderentur.</span> <span class='ocrx_word' id='word_1_6' title='bbox 382 652 542 711; x_wconf 85' lang='lat' dir='ltr'>Sacrificale</span> <span class='ocrx_word' id='word_1_7' title='bbox 563 655 633 709; x_wconf 91' lang='lat' dir='ltr'>illud</span> <span class='ocrx_word' id='word_1_8' title='bbox 655 655 783 709; x_wconf 81' lang='lat' dir='ltr'>verbum.</span> <span class='ocrx_word' id='word_1_9' title='bbox 808 653 855 708; x_wconf 89' lang='lat' dir='ltr'>Sic</span> <span class='ocrx_word' id='word_1_10' title='bbox 879 651 972 728; x_wconf 67' lang='lat' dir='ltr'>Virg„</span> <span class='ocrx_word' id='word_1_11' title='bbox 997 653 1112 726; x_wconf 65' lang='lat' dir='ltr'>Georgi,</span> <span class='ocrx_word' id='word_1_12' title='bbox 1129 671 1170 724; x_wconf 88' lang='lat' dir='ltr'>u,</span> 
     </span>
     <span class='ocr_line' id='line_1_3' title="bbox 127 755 202 820; baseline 0 -20"><span class='ocrx_word' id='word_1_13' title='bbox 127 755 181 820; x_wconf 74' lang='lat'>¹94</span> <span class='ocrx_word' id='word_1_14' title='bbox 195 767 202 800; x_wconf 90' lang='lat'>:</span> 
     </span>
    </p>
   </div>
   <div class='ocr_carea' id='block_1_3' title="bbox 231 899 832 967">
    <p class='ocr_par' dir='ltr' id='par_1_3' title="bbox 231 899 832 967">
     <span class='ocr_line' id='line_1_4' title="bbox 231 899 832 967; baseline -0.007 -16"><span class='ocrx_word' id='word_1_15' title='bbox 231 901 350 951; x_wconf 71' lang='lat' dir='ltr'>lancibus</span> <span class='ocrx_word' id='word_1_16' title='bbox 363 910 388 950; x_wconf 84' lang='lat' dir='ltr'>et</span> <span class='ocrx_word' id='word_1_17' title='bbox 402 900 487 967; x_wconf 82' lang='lat' dir='ltr'>pandis</span> <span class='ocrx_word' id='word_1_18' title='bbox 502 899 618 950; x_wconf 76' lang='lat' dir='ltr'>tumentia</span> <span class='ocrx_word' id='word_1_19' title='bbox 633 899 756 949; x_wconf 83' lang='lat' dir='ltr'>reddimus</span> <span class='ocrx_word' id='word_1_20' title='bbox 770 908 832 948; x_wconf 81' lang='lat' dir='ltr'>exta.</span> 
     </span>
    </p>
   </div>
   <div class='ocr_carea' id='block_1_4' title="bbox 83 1039 1180 4233">
    <p class='ocr_par' dir='ltr' id='par_1_4' title="bbox 123 1039 1174 1208">
     <span class='ocr_line' id='line_1_5' title="bbox 123 1039 1173 1116; baseline -0.001 -18"><span class='ocrx_word' id='word_1_21' title='bbox 123 1042 183 1098; x_wconf 88' lang='lat' dir='ltr'>Ubi</span> <span class='ocrx_word' id='word_1_22' title='bbox 198 1043 312 1099; x_wconf 82' lang='lat' dir='ltr'>Servius</span> <span class='ocrx_word' id='word_1_23' title='bbox 334 1062 341 1098; x_wconf 93' lang='lat'><strong>:</strong></span> <span class='ocrx_word' id='word_1_24' title='bbox 362 1041 509 1116; x_wconf 66' lang='lat' dir='ltr'>«Proprio</span> <span class='ocrx_word' id='word_1_25' title='bbox 525 1041 704 1098; x_wconf 83' lang='lat' dir='ltr'>sacerdotum</span> <span class='ocrx_word' id='word_1_26' title='bbox 721 1039 810 1094; x_wconf 84' lang='lat' dir='ltr'>verbo</span> <span class='ocrx_word' id='word_1_27' title='bbox 826 1057 894 1094; x_wconf 87' lang='lat' dir='ltr'>usus</span> <span class='ocrx_word' id='word_1_28' title='bbox 915 1049 970 1112; x_wconf 80' lang='lat' dir='ltr'>est3</span> <span class='ocrx_word' id='word_1_29' title='bbox 994 1040 1078 1096; x_wconf 82' lang='lat' dir='ltr'>reddi</span> <span class='ocrx_word' id='word_1_30' title='bbox 1097 1041 1173 1097; x_wconf 86' lang='lat' dir='ltr'>euim</span> 
     </span>
     <span class='ocr_line' id='line_1_6' title="bbox 123 1130 1174 1208; baseline -0.002 -20"><span class='ocrx_word' id='word_1_31' title='bbox 123 1144 190 1190; x_wconf 86' lang='lat' dir='ltr'>exta</span> <span class='ocrx_word' id='word_1_32' title='bbox 203 1133 384 1204; x_wconf 77' lang='lat' dir='ltr'>dicebantur,</span> <span class='ocrx_word' id='word_1_33' title='bbox 398 1152 489 1208; x_wconf 87' lang='lat' dir='ltr'>quum</span> <span class='ocrx_word' id='word_1_34' title='bbox 502 1133 639 1208; x_wconf 87' lang='lat' dir='ltr'>probata,</span> <span class='ocrx_word' id='word_1_35' title='bbox 653 1143 681 1187; x_wconf 92' lang='lat' dir='ltr'>et</span> <span class='ocrx_word' id='word_1_36' title='bbox 699 1130 785 1201; x_wconf 82' lang='lat' dir='ltr'>elixa,</span> <span class='ocrx_word' id='word_1_37' title='bbox 800 1148 854 1186; x_wconf 80' lang='lat' dir='ltr'>arae</span> <span class='ocrx_word' id='word_1_38' title='bbox 867 1133 1146 1206; x_wconf 71' lang='lat' dir='ltr'>superponebantur.</span> <span class='ocrx_word' id='word_1_39' title='bbox 1160 1157 1174 1186; x_wconf 73' lang='lat' dir='ltr'>a</span> 
     </span>
    </p>

    <p class='ocr_par' dir='ltr' id='par_1_5' title="bbox 123 1221 1174 1376">
     <span class='ocr_line' id='line_1_7' title="bbox 166 1221 1174 1300; baseline 0.002 -20"><span class='ocrx_word' id='word_1_40' title='bbox 166 1227 313 1300; x_wconf 70' lang='lat' dir='ltr'>Reliquae.</span> <span class='ocrx_word' id='word_1_41' title='bbox 330 1226 398 1282; x_wconf 90' lang='lat' dir='ltr'>Non</span> <span class='ocrx_word' id='word_1_42' title='bbox 410 1237 478 1282; x_wconf 90' lang='lat' dir='ltr'>sunt</span> <span class='ocrx_word' id='word_1_43' title='bbox 495 1236 643 1294; x_wconf 78' lang='lat' dir='ltr'><strong>extorum,</strong></span> <span class='ocrx_word' id='word_1_44' title='bbox 657 1223 707 1280; x_wconf 90' lang='lat' dir='ltr'>sed</span> <span class='ocrx_word' id='word_1_45' title='bbox 721 1240 818 1278; x_wconf 83' lang='lat' dir='ltr'>carnes</span> <span class='ocrx_word' id='word_1_46' title='bbox 831 1221 951 1279; x_wconf 84' lang='lat' dir='ltr'>victimae</span> <span class='ocrx_word' id='word_1_47' title='bbox 968 1225 1084 1299; x_wconf 84' lang='lat' dir='ltr'>reliquae</span> <span class='ocrx_word' id='word_1_48' title='bbox 1097 1245 1174 1300; x_wconf 69' lang='lat' dir='ltr'>pra·</span> 
     </span>
     <span class='ocr_line' id='line_1_8' title="bbox 123 1328 257 1376; baseline 0.037 -5"><span class='ocrx_word' id='word_1_49' title='bbox 123 1329 170 1373; x_wconf 90' lang='lat' dir='ltr'>ter</span> <span class='ocrx_word' id='word_1_50' title='bbox 182 1328 257 1376; x_wconf 83' lang='lat' dir='ltr'>exta.</span> 
     </span>
    </p>

    <p class='ocr_par' dir='ltr' id='par_1_6' title="bbox 123 1407 1170 1578">
     <span class='ocr_line' id='line_1_9' title="bbox 165 1407 1170 1482; baseline -0.001 -15"><span class='ocrx_word' id='word_1_51' title='bbox 165 1411 233 1468; x_wconf 76' lang='lat' dir='ltr'>Cae.</span> <span class='ocrx_word' id='word_1_52' title='bbox 247 1412 285 1466; x_wconf 90' lang='lat'>11.</span> <span class='ocrx_word' id='word_1_53' title='bbox 300 1412 337 1465; x_wconf 88' lang='lat' dir='ltr'>D.</span> <span class='ocrx_word' id='word_1_54' title='bbox 351 1411 467 1466; x_wconf 63' lang='lat' dir='ltr'>Iuliam.</span> <span class='ocrx_word' id='word_1_55' title='bbox 482 1411 543 1466; x_wconf 85' lang='lat' dir='ltr'>Hos</span> <span class='ocrx_word' id='word_1_56' title='bbox 557 1409 676 1465; x_wconf 79' lang='lat' dir='ltr'>adscivit</span> <span class='ocrx_word' id='word_1_57' title='bbox 691 1409 781 1465; x_wconf 73' lang='lat' dir='ltr'>Caesar</span> <span class='ocrx_word' id='word_1_58' title='bbox 794 1407 857 1482; x_wconf 75' lang='lat' dir='ltr'>lege</span> <span class='ocrx_word' id='word_1_59' title='bbox 870 1408 973 1464; x_wconf 84' lang='lat' dir='ltr'>Cassia.</span> <span class='ocrx_word' id='word_1_60' title='bbox 991 1410 1065 1466; x_wconf 81' lang='lat' dir='ltr'>Vide</span> <span class='ocrx_word' id='word_1_61' title='bbox 1080 1411 1152 1470; x_wconf 82' lang='lat' dir='ltr'>Coes.</span> <span class='ocrx_word' id='word_1_62' title='bbox 1160 1451 1170 1480; x_wconf 92' lang='lat'>‚</span> 
     </span>
     <span class='ocr_line' id='line_1_10' title="bbox 123 1521 265 1578; baseline 0.007 -20"><span class='ocrx_word' id='word_1_63' title='bbox 123 1521 189 1578; x_wconf 87' lang='lat' dir='ltr'>cap.</span> <span class='ocrx_word' id='word_1_64' title='bbox 203 1521 265 1560; x_wconf 78' lang='lat' dir='ltr'>xm.</span> 
     </span>
    </p>

    <p class='ocr_par' dir='ltr' id='par_1_7' title="bbox 83 1593 740 1668">
     <span class='ocr_line' id='line_1_11' title="bbox 83 1593 740 1668; baseline -0.005 -18"><span class='ocrx_word' id='word_1_65' title='bbox 83 1655 85 1660; x_wconf 62' lang='grc'>,</span> <span class='ocrx_word' id='word_1_66' title='bbox 168 1595 351 1668; x_wconf 81' lang='lat' dir='ltr'>Quoestonics.</span> <span class='ocrx_word' id='word_1_67' title='bbox 366 1595 402 1652; x_wconf 85' lang='lat' dir='ltr'>ll.</span> <span class='ocrx_word' id='word_1_68' title='bbox 417 1613 441 1650; x_wconf 87' lang='lat' dir='ltr'>e.</span> <span class='ocrx_word' id='word_1_69' title='bbox 458 1604 601 1668; x_wconf 81' lang='lat' dir='ltr'>quaestnra</span> <span class='ocrx_word' id='word_1_70' title='bbox 617 1593 740 1649; x_wconf 67' lang='lat' dir='ltr'>franchis.</span> 
     </span>
    </p>

    <p class='ocr_par' dir='ltr' id='par_1_8' title="bbox 123 1685 1173 1854">
     <span class='ocr_line' id='line_1_12' title="bbox 165 1685 1173 1763; baseline 0.002 -21"><span class='ocrx_word' id='word_1_71' title='bbox 165 1689 283 1744; x_wconf 79' lang='lat' dir='ltr'>AEmilro</span> <span class='ocrx_word' id='word_1_72' title='bbox 301 1690 394 1763; x_wconf 82' lang='lat' dir='ltr'>Papo.</span> <span class='ocrx_word' id='word_1_73' title='bbox 410 1688 483 1758; x_wconf 91' lang='lat' dir='ltr'>Qui,</span> <span class='ocrx_word' id='word_1_74' title='bbox 498 1697 568 1743; x_wconf 89' lang='lat' dir='ltr'>teste</span> <span class='ocrx_word' id='word_1_75' title='bbox 582 1687 786 1757; x_wconf 86' lang='lat' dir='ltr'>Liv.‚xxv111,</span> <span class='ocrx_word' id='word_1_76' title='bbox 802 1685 853 1758; x_wconf 81' lang='lat'>38,</span> <span class='ocrx_word' id='word_1_77' title='bbox 868 1697 975 1760; x_wconf 87' lang='lat' dir='ltr'>praetor</span> <span class='ocrx_word' id='word_1_78' title='bbox 989 1688 1044 1743; x_wconf 77' lang='lat' dir='ltr'>sirit</span> <span class='ocrx_word' id='word_1_79' title='bbox 1058 1687 1173 1760; x_wconf 70' lang='lat' dir='ltr'>Sicilia,</span> 
     </span>
     <span class='ocr_line' id='line_1_13' title="bbox 123 1777 1077 1854; baseline 0.001 -21"><span class='ocrx_word' id='word_1_80' title='bbox 123 1781 156 1834; x_wconf 86' lang='lat' dir='ltr'>P.</span> <span class='ocrx_word' id='word_1_81' title='bbox 166 1779 303 1854; x_wconf 82' lang='lat' dir='ltr'>Scipione</span> <span class='ocrx_word' id='word_1_82' title='bbox 320 1778 457 1836; x_wconf 67' lang='lat' dir='ltr'>Africano</span> <span class='ocrx_word' id='word_1_83' title='bbox 470 1789 498 1834; x_wconf 89' lang='lat' dir='ltr'>et</span> <span class='ocrx_word' id='word_1_84' title='bbox 511 1781 541 1835; x_wconf 91' lang='lat' dir='ltr'>P.</span> <span class='ocrx_word' id='word_1_85' title='bbox 559 1778 671 1834; x_wconf 90' lang='lat' dir='ltr'>Licinio</span> <span class='ocrx_word' id='word_1_86' title='bbox 689 1779 789 1833; x_wconf 85' lang='lat' dir='ltr'>Crasso</span> <span class='ocrx_word' id='word_1_87' title='bbox 808 1796 895 1848; x_wconf 81' lang='lat' dir='ltr'>coss,</span> <span class='ocrx_word' id='word_1_88' title='bbox 909 1782 943 1835; x_wconf 78' lang='lat' dir='ltr'>A.</span> <span class='ocrx_word' id='word_1_89' title='bbox 958 1783 994 1836; x_wconf 91' lang='lat' dir='ltr'>U.</span> <span class='ocrx_word' id='word_1_90' title='bbox 1011 1777 1077 1847; x_wconf 77' lang='lat'>548.</span> 
     </span>
    </p>

    <p class='ocr_par' dir='ltr' id='par_1_9' title="bbox 122 1869 1174 2115">
     <span class='ocr_line' id='line_1_14' title="bbox 167 1869 1174 1947; baseline 0.001 -21"><span class='ocrx_word' id='word_1_91' title='bbox 167 1873 350 1947; x_wconf 74' lang='lat' dir='ltr'>Magisteriis.</span> <span class='ocrx_word' id='word_1_92' title='bbox 373 1872 410 1927; x_wconf 88' lang='lat' dir='ltr'>lli</span> <span class='ocrx_word' id='word_1_93' title='bbox 427 1870 613 1944; x_wconf 81' lang='lat' dir='ltr'>municipales</span> <span class='ocrx_word' id='word_1_94' title='bbox 635 1869 814 1944; x_wconf 80' lang='lat' dir='ltr'>magistratus</span> <span class='ocrx_word' id='word_1_95' title='bbox 839 1871 917 1945; x_wconf 87' lang='lat' dir='ltr'>apud</span> <span class='ocrx_word' id='word_1_96' title='bbox 935 1874 1081 1929; x_wconf 81' lang='lat' dir='ltr'>Romanos</span> <span class='ocrx_word' id='word_1_97' title='bbox 1102 1891 1174 1928; x_wconf 91' lang='lat' dir='ltr'>con-</span> 
     </span>
     <span class='ocr_line' id='line_1_15' title="bbox 123 1963 1174 2039; baseline -0.005 -20"><span class='ocrx_word' id='word_1_98' title='bbox 123 1965 262 2038; x_wconf 70' lang='lat' dir='ltr'>lemptul5</span> <span class='ocrx_word' id='word_1_99' title='bbox 283 1963 351 2020; x_wconf 77' lang='lat' dir='ltr'>inde</span> <span class='ocrx_word' id='word_1_100' title='bbox 366 1963 446 2038; x_wconf 71' lang='lat' dir='ltr'>apud</span> <span class='ocrx_word' id='word_1_101' title='bbox 464 1964 522 2020; x_wconf 77' lang='lat' dir='ltr'>Cle·</span> <span class='ocrx_word' id='word_1_102' title='bbox 534 1983 592 2039; x_wconf 80' lang='lat' dir='ltr'>pro</span> <span class='ocrx_word' id='word_1_103' title='bbox 607 1963 720 2028; x_wconf 70' lang='lat' dir='ltr'>Sextio,</span> <span class='ocrx_word' id='word_1_104' title='bbox 736 1981 792 2017; x_wconf 72' lang='grc' dir='ltr'>ΠΝ</span> <span class='ocrx_word' id='word_1_105' title='bbox 808 1983 815 2016; x_wconf 88' lang='lat'>:</span> <span class='ocrx_word' id='word_1_106' title='bbox 831 1988 843 2014; x_wconf 74' lang='lat' dir='ltr'>c</span> <span class='ocrx_word' id='word_1_107' title='bbox 861 1964 998 2020; x_wconf 83' lang='lat' dir='ltr'>Homines</span> <span class='ocrx_word' id='word_1_108' title='bbox 1010 1967 1174 2038; x_wconf 63' lang='lat' dir='ltr'>&#39;nunicipa-</span> 
     </span>
     <span class='ocr_line' id='line_1_16' title="bbox 122 2056 394 2115; baseline 0.015 -4"><span class='ocrx_word' id='word_1_109' title='bbox 122 2060 167 2112; x_wconf 82' lang='lat' dir='ltr'>les</span> <span class='ocrx_word' id='word_1_110' title='bbox 185 2067 215 2112; x_wconf 89' lang='lat' dir='ltr'>et</span> <span class='ocrx_word' id='word_1_111' title='bbox 227 2056 394 2115; x_wconf 78' lang='lat' dir='ltr'>rusticani.»</span> 
     </span>
    </p>

    <p class='ocr_par' dir='ltr' id='par_1_10' title="bbox 165 2148 905 2224">
     <span class='ocr_line' id='line_1_17' title="bbox 165 2148 905 2224; baseline -0.003 -18"><span class='ocrx_word' id='word_1_112' title='bbox 165 2150 273 2207; x_wconf 75' lang='lat' dir='ltr'>Scribit.</span> <span class='ocrx_word' id='word_1_113' title='bbox 288 2151 323 2205; x_wconf 92' lang='lat' dir='ltr'>In</span> <span class='ocrx_word' id='word_1_114' title='bbox 339 2148 419 2205; x_wconf 90' lang='lat' dir='ltr'>libris</span> <span class='ocrx_word' id='word_1_115' title='bbox 433 2148 537 2208; x_wconf 83' lang='lat' dir='ltr'>devita</span> <span class='ocrx_word' id='word_1_116' title='bbox 551 2167 602 2206; x_wconf 87' lang='lat' dir='ltr'>sua</span> <span class='ocrx_word' id='word_1_117' title='bbox 617 2149 706 2206; x_wconf 83' lang='lat' dir='ltr'>:vide</span> <span class='ocrx_word' id='word_1_118' title='bbox 724 2169 784 2224; x_wconf 87' lang='lat' dir='ltr'>cap.</span> <span class='ocrx_word' id='word_1_119' title='bbox 803 2170 905 2207; x_wconf 81' lang='lat' dir='ltr'>nxxxr.</span> 
     </span>
    </p>

    <p class='ocr_par' dir='ltr' id='par_1_11' title="bbox 122 2239 1176 2481">
     <span class='ocr_line' id='line_1_18' title="bbox 166 2239 1175 2316; baseline 0.002 -20"><span class='ocrx_word' id='word_1_120' title='bbox 166 2241 210 2296; x_wconf 87' lang='lat' dir='ltr'>M.</span> <span class='ocrx_word' id='word_1_121' title='bbox 224 2242 372 2298; x_wconf 78' lang='lat' dir='ltr'>Antonius.</span> <span class='ocrx_word' id='word_1_122' title='bbox 392 2243 425 2296; x_wconf 91' lang='lat' dir='ltr'>In</span> <span class='ocrx_word' id='word_1_123' title='bbox 444 2239 588 2314; x_wconf 88' lang='lat' dir='ltr'>epistolis,</span> <span class='ocrx_word' id='word_1_124' title='bbox 605 2241 641 2296; x_wconf 91' lang='lat' dir='ltr'>de</span> <span class='ocrx_word' id='word_1_125' title='bbox 660 2242 767 2316; x_wconf 87' lang='lat' dir='ltr'>quibus</span> <span class='ocrx_word' id='word_1_126' title='bbox 780 2243 883 2313; x_wconf 83' lang='lat' dir='ltr'>Tacit,</span> <span class='ocrx_word' id='word_1_127' title='bbox 898 2245 1020 2310; x_wconf 69' lang='lat' dir='ltr'>Annei,</span> <span class='ocrx_word' id='word_1_128' title='bbox 1043 2263 1088 2314; x_wconf 77' lang='lat' dir='ltr'>av,</span> <span class='ocrx_word' id='word_1_129' title='bbox 1110 2245 1145 2309; x_wconf 71' lang='lat'>34</span> <span class='ocrx_word' id='word_1_130' title='bbox 1167 2264 1175 2298; x_wconf 74' lang='grc' dir='ltr'><strong>ε</strong></span> 
     </span>
     <span class='ocr_line' id='line_1_19' title="bbox 123 2331 1176 2408; baseline 0.001 -19"><span class='ocrx_word' id='word_1_131' title='bbox 123 2333 271 2390; x_wconf 64' lang='lat' dir='ltr'>*Antonii</span> <span class='ocrx_word' id='word_1_132' title='bbox 292 2333 418 2406; x_wconf 77' lang='lat' dir='ltr'>epistolae</span> <span class='ocrx_word' id='word_1_133' title='bbox 439 2331 507 2388; x_wconf 88' lang='lat' dir='ltr'>lalsa</span> <span class='ocrx_word' id='word_1_134' title='bbox 522 2331 639 2407; x_wconf 86' lang='lat' dir='ltr'>quidem</span> <span class='ocrx_word' id='word_1_135' title='bbox 657 2333 687 2388; x_wconf 90' lang='lat' dir='ltr'>in</span> <span class='ocrx_word' id='word_1_136' title='bbox 702 2337 862 2408; x_wconf 78' lang='lat' dir='ltr'>Augustum</span> <span class='ocrx_word' id='word_1_137' title='bbox 878 2335 1004 2408; x_wconf 88' lang='lat' dir='ltr'>probra,</span> <span class='ocrx_word' id='word_1_138' title='bbox 1023 2334 1073 2390; x_wconf 86' lang='lat' dir='ltr'>sed</span> <span class='ocrx_word' id='word_1_139' title='bbox 1087 2337 1176 2390; x_wconf 87' lang='lat' dir='ltr'>multa</span> 
     </span>
     <span class='ocr_line' id='line_1_20' title="bbox 122 2424 517 2481; baseline -0.015 -1"><span class='ocrx_word' id='word_1_140' title='bbox 122 2443 192 2479; x_wconf 85' lang='lat' dir='ltr'>cnm</span> <span class='ocrx_word' id='word_1_141' title='bbox 211 2424 365 2480; x_wconf 82' lang='lat' dir='ltr'>acerbitate</span> <span class='ocrx_word' id='word_1_142' title='bbox 377 2424 493 2481; x_wconf 81' lang='lat' dir='ltr'>babent.</span> <span class='ocrx_word' id='word_1_143' title='bbox 505 2448 517 2474; x_wconf 69' lang='lat' dir='ltr'>r</span> 
     </span>
    </p>

    <p class='ocr_par' dir='ltr' id='par_1_12' title="bbox 123 2515 1177 2680">
     <span class='ocr_line' id='line_1_21' title="bbox 167 2515 1177 2591; baseline -0.002 -17"><span class='ocrx_word' id='word_1_144' title='bbox 167 2518 237 2574; x_wconf 69' lang='lat' dir='ltr'>cir.</span> <span class='ocrx_word' id='word_1_145' title='bbox 256 2519 309 2573; x_wconf 89' lang='lat'>111.</span> <span class='ocrx_word' id='word_1_146' title='bbox 327 2518 477 2574; x_wconf 80' lang='lat' dir='ltr'>Divisorer.</span> <span class='ocrx_word' id='word_1_147' title='bbox 495 2515 568 2590; x_wconf 91' lang='lat' dir='ltr'>Qui,</span> <span class='ocrx_word' id='word_1_148' title='bbox 585 2516 615 2572; x_wconf 90' lang='lat' dir='ltr'>in</span> <span class='ocrx_word' id='word_1_149' title='bbox 632 2536 733 2591; x_wconf 86' lang='lat' dir='ltr'>campo</span> <span class='ocrx_word' id='word_1_150' title='bbox 748 2519 866 2589; x_wconf 82' lang='lat' dir='ltr'>Martie,</span> <span class='ocrx_word' id='word_1_151' title='bbox 880 2518 1030 2591; x_wconf 90' lang='lat' dir='ltr'>pecuniam</span> <span class='ocrx_word' id='word_1_152' title='bbox 1045 2518 1177 2573; x_wconf 77' lang='lat' dir='ltr'>tribubus</span> 
     </span>
     <span class='ocr_line' id='line_1_22' title="bbox 123 2609 1112 2680; baseline -0.001 -15"><span class='ocrx_word' id='word_1_153' title='bbox 123 2609 243 2667; x_wconf 88' lang='lat' dir='ltr'>nornine</span> <span class='ocrx_word' id='word_1_154' title='bbox 259 2609 477 2667; x_wconf 84' lang='lat' dir='ltr'>candidatorum</span> <span class='ocrx_word' id='word_1_155' title='bbox 495 2609 671 2667; x_wconf 85' lang='lat' dir='ltr'>dividebant.</span> <span class='ocrx_word' id='word_1_156' title='bbox 689 2610 805 2680; x_wconf 79' lang='lat' dir='ltr'>Rasin,</span> <span class='ocrx_word' id='word_1_157' title='bbox 820 2615 885 2666; x_wconf 84' lang='lat' dir='ltr'>Ant.</span> <span class='ocrx_word' id='word_1_158' title='bbox 901 2631 971 2666; x_wconf 86' lang='lat' dir='ltr'>rom.</span> <span class='ocrx_word' id='word_1_159' title='bbox 980 2650 990 2676; x_wconf 94' lang='lat'>,</span> <span class='ocrx_word' id='word_1_160' title='bbox 1009 2611 1112 2679; x_wconf 82' lang='lat' dir='ltr'>v11‚8.</span> 
     </span>
    </p>

    <p class='ocr_par' dir='ltr' id='par_1_13' title="bbox 124 2702 1179 2961">
     <span class='ocr_line' id='line_1_23' title="bbox 173 2702 1179 2778; baseline -0.002 -18"><span class='ocrx_word' id='word_1_161' title='bbox 173 2704 338 2778; x_wconf 77' lang='lat' dir='ltr'>operasque</span> <span class='ocrx_word' id='word_1_162' title='bbox 352 2715 533 2777; x_wconf 82' lang='lat' dir='ltr'>campestres.</span> <span class='ocrx_word' id='word_1_163' title='bbox 553 2703 600 2758; x_wconf 91' lang='lat' dir='ltr'>Sic</span> <span class='ocrx_word' id='word_1_164' title='bbox 614 2704 808 2773; x_wconf 84' lang='lat' dir='ltr'>vocabantur,</span> <span class='ocrx_word' id='word_1_165' title='bbox 830 2703 882 2777; x_wconf 90' lang='lat' dir='ltr'>qui</span> <span class='ocrx_word' id='word_1_166' title='bbox 902 2721 1017 2777; x_wconf 86' lang='lat' dir='ltr'>operam</span> <span class='ocrx_word' id='word_1_167' title='bbox 1042 2720 1121 2757; x_wconf 88' lang='lat' dir='ltr'>suam</span> <span class='ocrx_word' id='word_1_168' title='bbox 1148 2702 1179 2758; x_wconf 91' lang='lat' dir='ltr'>in</span> 
     </span>
     <span class='ocr_line' id='line_1_24' title="bbox 124 2793 1179 2869; baseline -0.004 -17"><span class='ocrx_word' id='word_1_169' title='bbox 124 2813 231 2869; x_wconf 86' lang='lat' dir='ltr'>campo</span> <span class='ocrx_word' id='word_1_170' title='bbox 249 2795 356 2852; x_wconf 84' lang='lat' dir='ltr'>Martio</span> <span class='ocrx_word' id='word_1_171' title='bbox 377 2794 535 2851; x_wconf 89' lang='lat' dir='ltr'>candidatis</span> <span class='ocrx_word' id='word_1_172' title='bbox 548 2794 736 2868; x_wconf 78' lang='lat' dir='ltr'>praestabant,</span> <span class='ocrx_word' id='word_1_173' title='bbox 757 2805 785 2849; x_wconf 91' lang='lat' dir='ltr'>et</span> <span class='ocrx_word' id='word_1_174' title='bbox 806 2813 861 2866; x_wconf 91' lang='lat' dir='ltr'>pro</span> <span class='ocrx_word' id='word_1_175' title='bbox 883 2793 937 2849; x_wconf 90' lang='lat' dir='ltr'>illis</span> <span class='ocrx_word' id='word_1_176' title='bbox 958 2793 1128 2848; x_wconf 85' lang='lat' dir='ltr'>laborabant</span> <span class='ocrx_word' id='word_1_177' title='bbox 1141 2793 1179 2848; x_wconf 85' lang='lat' dir='ltr'>ed</span> 
     </span>
     <span class='ocr_line' id='line_1_25' title="bbox 124 2886 675 2961; baseline -0.004 -17"><span class='ocrx_word' id='word_1_178' title='bbox 124 2888 323 2961; x_wconf 86' lang='lat' dir='ltr'>comparanda</span> <span class='ocrx_word' id='word_1_179' title='bbox 335 2889 381 2943; x_wconf 84' lang='lat' dir='ltr'>vel</span> <span class='ocrx_word' id='word_1_180' title='bbox 395 2887 514 2943; x_wconf 88' lang='lat' dir='ltr'>emenda</span> <span class='ocrx_word' id='word_1_181' title='bbox 530 2886 675 2961; x_wconf 79' lang='lat' dir='ltr'>suffragia.</span> 
     </span>
    </p>

    <p class='ocr_par' dir='ltr' id='par_1_14' title="bbox 101 2977 1180 3421">
     <span class='ocr_line' id='line_1_26' title="bbox 171 2977 1179 3054; baseline -0.003 -18"><span class='ocrx_word' id='word_1_182' title='bbox 171 2981 296 3036; x_wconf 65' lang='lat' dir='ltr'>Sentius.</span> <span class='ocrx_word' id='word_1_183' title='bbox 306 2980 447 3052; x_wconf 88' lang='lat' dir='ltr'>Velleius,</span> <span class='ocrx_word' id='word_1_184' title='bbox 466 2999 508 3051; x_wconf 92' lang='grc' dir='ltr'>ιι,</span> <span class='ocrx_word' id='word_1_185' title='bbox 525 2978 561 3054; x_wconf 83' lang='grc'>59</span> <span class='ocrx_word' id='word_1_186' title='bbox 576 2998 583 3034; x_wconf 90' lang='lat'><strong>:</strong></span> <span class='ocrx_word' id='word_1_187' title='bbox 598 3002 611 3028; x_wconf 72' lang='grc' dir='ltr'><em>α</em></span> <span class='ocrx_word' id='word_1_188' title='bbox 625 2978 679 3033; x_wconf 86' lang='lat' dir='ltr'>Hic</span> <span class='ocrx_word' id='word_1_189' title='bbox 692 2989 798 3052; x_wconf 84' lang='lat' dir='ltr'>praetor</span> <span class='ocrx_word' id='word_1_190' title='bbox 810 2981 886 3035; x_wconf 90' lang='lat' dir='ltr'>inter</span> <span class='ocrx_word' id='word_1_191' title='bbox 898 2978 1089 3034; x_wconf 87' lang='lat' dir='ltr'>nobilissimos</span> <span class='ocrx_word' id='word_1_192' title='bbox 1101 2977 1179 3033; x_wconf 80' lang='lat' dir='ltr'>viros</span> 
     </span>
     <span class='ocr_line' id='line_1_27' title="bbox 126 3069 1177 3147; baseline -0.002 -21"><span class='ocrx_word' id='word_1_193' title='bbox 126 3081 243 3134; x_wconf 85' lang='lat' dir='ltr'>creatus</span> <span class='ocrx_word' id='word_1_194' title='bbox 260 3071 356 3146; x_wconf 83' lang='lat' dir='ltr'>primo</span> <span class='ocrx_word' id='word_1_195' title='bbox 371 3073 454 3141; x_wconf 90' lang='lat' dir='ltr'>loco,</span> <span class='ocrx_word' id='word_1_196' title='bbox 473 3091 563 3145; x_wconf 90' lang='lat' dir='ltr'>quum</span> <span class='ocrx_word' id='word_1_197' title='bbox 579 3069 607 3126; x_wconf 91' lang='lat' dir='ltr'>ei</span> <span class='ocrx_word' id='word_1_198' title='bbox 621 3069 749 3145; x_wconf 85' lang='lat' dir='ltr'>dignatio</span> <span class='ocrx_word' id='word_1_199' title='bbox 766 3072 842 3128; x_wconf 86' lang='lat' dir='ltr'>Julia</span> <span class='ocrx_word' id='word_1_200' title='bbox 856 3071 980 3147; x_wconf 82' lang='lat' dir='ltr'>genitam</span> <span class='ocrx_word' id='word_1_201' title='bbox 993 3069 1087 3126; x_wconf 79' lang='lat' dir='ltr'>Atiam</span> <span class='ocrx_word' id='word_1_202' title='bbox 1104 3087 1177 3125; x_wconf 87' lang='lat' dir='ltr'>con-</span> 
     </span>
     <span class='ocr_line' id='line_1_28' title="bbox 101 3160 1180 3237; baseline 0 -18"><span class='ocrx_word' id='word_1_203' title='bbox 101 3160 104 3164; x_wconf 77' lang='grc'><strong>’</strong></span> <span class='ocrx_word' id='word_1_204' title='bbox 124 3163 250 3221; x_wconf 85' lang='lat' dir='ltr'>ciliasset</span> <span class='ocrx_word' id='word_1_205' title='bbox 269 3182 404 3233; x_wconf 86' lang='lat' dir='ltr'>uxorem,</span> <span class='ocrx_word' id='word_1_206' title='bbox 415 3183 492 3219; x_wconf 87' lang='lat' dir='ltr'>exeo</span> <span class='ocrx_word' id='word_1_207' title='bbox 507 3165 619 3220; x_wconf 89' lang='lat' dir='ltr'>bonore</span> <span class='ocrx_word' id='word_1_208' title='bbox 636 3162 753 3219; x_wconf 86' lang='lat' dir='ltr'>sortitus</span> <span class='ocrx_word' id='word_1_209' title='bbox 773 3163 990 3231; x_wconf 88' lang='lat' dir='ltr'>Macedoniam,</span> <span class='ocrx_word' id='word_1_210' title='bbox 1005 3163 1180 3237; x_wconf 76' lang='lat' dir='ltr'>appellabas-</span> 
     </span>
     <span class='ocr_line' id='line_1_29' title="bbox 126 3253 1178 3330; baseline -0.003 -18"><span class='ocrx_word' id='word_1_211' title='bbox 126 3273 190 3330; x_wconf 92' lang='lat' dir='ltr'>que</span> <span class='ocrx_word' id='word_1_212' title='bbox 202 3255 234 3312; x_wconf 90' lang='lat' dir='ltr'>in</span> <span class='ocrx_word' id='word_1_213' title='bbox 254 3275 287 3312; x_wconf 86' lang='lat' dir='ltr'>ea</span> <span class='ocrx_word' id='word_1_214' title='bbox 303 3255 473 3330; x_wconf 90' lang='lat' dir='ltr'>imperator,</span> <span class='ocrx_word' id='word_1_215' title='bbox 494 3255 635 3312; x_wconf 87' lang='lat' dir='ltr'>decedens</span> <span class='ocrx_word' id='word_1_216' title='bbox 655 3253 881 3326; x_wconf 88' lang='lat' dir='ltr'>adpetitionem</span> <span class='ocrx_word' id='word_1_217' title='bbox 905 3257 1069 3310; x_wconf 88' lang='lat' dir='ltr'>consulatus</span> <span class='ocrx_word' id='word_1_218' title='bbox 1089 3253 1178 3326; x_wconf 84' lang='lat' dir='ltr'>obiit,</span> 
     </span>
     <span class='ocr_line' id='line_1_30' title="bbox 125 3346 523 3421; baseline -0.018 -17"><span class='ocrx_word' id='word_1_219' title='bbox 125 3357 299 3421; x_wconf 67' lang='lat' dir='ltr'>pretextato</span> <span class='ocrx_word' id='word_1_220' title='bbox 314 3348 415 3404; x_wconf 88' lang='lat' dir='ltr'>relicto</span> <span class='ocrx_word' id='word_1_221' title='bbox 427 3346 495 3403; x_wconf 87' lang='lat' dir='ltr'>fillo.</span> <span class='ocrx_word' id='word_1_222' title='bbox 511 3372 523 3397; x_wconf 69' lang='lat' dir='ltr'>s</span> 
     </span>
    </p>

    <p class='ocr_par' dir='ltr' id='par_1_15' title="bbox 126 3437 1180 3786">
     <span class='ocr_line' id='line_1_31' title="bbox 171 3437 1179 3512; baseline -0.004 -16"><span class='ocrx_word' id='word_1_223' title='bbox 171 3439 269 3496; x_wconf 72' lang='lat' dir='ltr'>Extra</span> <span class='ocrx_word' id='word_1_224' title='bbox 281 3441 418 3495; x_wconf 82' lang='lat' dir='ltr'>ordinem.</span> <span class='ocrx_word' id='word_1_225' title='bbox 440 3437 594 3496; x_wconf 88' lang='lat' dir='ltr'>Ordinaria</span> <span class='ocrx_word' id='word_1_226' title='bbox 614 3439 688 3495; x_wconf 87' lang='lat' dir='ltr'>enim</span> <span class='ocrx_word' id='word_1_227' title='bbox 702 3439 850 3512; x_wconf 83' lang='lat' dir='ltr'>provincia</span> <span class='ocrx_word' id='word_1_228' title='bbox 868 3438 979 3495; x_wconf 87' lang='lat' dir='ltr'>Octavii</span> <span class='ocrx_word' id='word_1_229' title='bbox 1000 3449 1060 3494; x_wconf 87' lang='lat' dir='ltr'>erat</span> <span class='ocrx_word' id='word_1_230' title='bbox 1078 3440 1179 3494; x_wconf 86' lang='lat' dir='ltr'>Mace-</span> 
     </span>
     <span class='ocr_line' id='line_1_32' title="bbox 126 3530 1180 3605; baseline -0.002 -19"><span class='ocrx_word' id='word_1_231' title='bbox 126 3531 218 3587; x_wconf 87' lang='lat' dir='ltr'>donia</span> <span class='ocrx_word' id='word_1_232' title='bbox 233 3553 241 3587; x_wconf 87' lang='lat'><strong>:</strong></span> <span class='ocrx_word' id='word_1_233' title='bbox 259 3531 397 3605; x_wconf 82' lang='lat' dir='ltr'>injecmm</span> <span class='ocrx_word' id='word_1_234' title='bbox 411 3542 452 3587; x_wconf 88' lang='lat' dir='ltr'>est</span> <span class='ocrx_word' id='word_1_235' title='bbox 470 3530 497 3587; x_wconf 91' lang='lat' dir='ltr'>ei</span> <span class='ocrx_word' id='word_1_236' title='bbox 511 3532 569 3587; x_wconf 90' lang='lat' dir='ltr'>hoc</span> <span class='ocrx_word' id='word_1_237' title='bbox 582 3533 662 3588; x_wconf 81' lang='lat' dir='ltr'>velut</span> <span class='ocrx_word' id='word_1_238' title='bbox 680 3533 956 3598; x_wconf 70' lang='lat' dir='ltr'>extraordinarium,</span> <span class='ocrx_word' id='word_1_239' title='bbox 972 3543 1004 3586; x_wconf 89' lang='lat' dir='ltr'>ut</span> <span class='ocrx_word' id='word_1_240' title='bbox 1017 3530 1092 3586; x_wconf 90' lang='lat' dir='ltr'>inter</span> <span class='ocrx_word' id='word_1_241' title='bbox 1107 3549 1180 3586; x_wconf 86' lang='lat' dir='ltr'>eun-</span> 
     </span>
     <span class='ocr_line' id='line_1_33' title="bbox 126 3611 1178 3699; baseline -0.002 -20"><span class='ocrx_word' id='word_1_242' title='bbox 126 3623 201 3679; x_wconf 85' lang='lat' dir='ltr'>dnm</span> <span class='ocrx_word' id='word_1_243' title='bbox 212 3623 243 3680; x_wconf 91' lang='lat' dir='ltr'>in</span> <span class='ocrx_word' id='word_1_244' title='bbox 256 3611 434 3699; x_wconf 81' lang='lat' dir='ltr'>provinciam</span> <span class='ocrx_word' id='word_1_245' title='bbox 446 3623 582 3699; x_wconf 82' lang='lat' dir='ltr'>fugitivos</span> <span class='ocrx_word' id='word_1_246' title='bbox 591 3623 760 3698; x_wconf 81' lang='lat' dir='ltr'>extirparet3</span> <span class='ocrx_word' id='word_1_247' title='bbox 774 3623 813 3680; x_wconf 86' lang='lat' dir='ltr'>ita</span> <span class='ocrx_word' id='word_1_248' title='bbox 825 3624 935 3696; x_wconf 84' lang='lat' dir='ltr'>jussus,</span> <span class='ocrx_word' id='word_1_249' title='bbox 951 3634 1024 3678; x_wconf 89' lang='lat' dir='ltr'>auct.</span> <span class='ocrx_word' id='word_1_250' title='bbox 1035 3623 1076 3678; x_wconf 91' lang='lat' dir='ltr'>Cl.</span> <span class='ocrx_word' id='word_1_251' title='bbox 1086 3623 1178 3688; x_wconf 72' lang='lat' dir='ltr'>Hace,</span> 
     </span>
     <span class='ocr_line' id='line_1_34' title="bbox 126 3713 920 3786; baseline -0.001 -16"><span class='ocrx_word' id='word_1_252' title='bbox 126 3734 146 3770; x_wconf 88' lang='lat' dir='ltr'>a</span> <span class='ocrx_word' id='word_1_253' title='bbox 159 3726 277 3786; x_wconf 81' lang='lat' dir='ltr'>senatu,</span> <span class='ocrx_word' id='word_1_254' title='bbox 288 3735 325 3772; x_wconf 91' lang='lat' dir='ltr'>ne</span> <span class='ocrx_word' id='word_1_255' title='bbox 344 3716 431 3772; x_wconf 89' lang='lat' dir='ltr'>aliurn</span> <span class='ocrx_word' id='word_1_256' title='bbox 449 3713 603 3772; x_wconf 89' lang='lat' dir='ltr'>exercitum</span> <span class='ocrx_word' id='word_1_257' title='bbox 617 3715 692 3770; x_wconf 86' lang='lat' dir='ltr'>mitti</span> <span class='ocrx_word' id='word_1_258' title='bbox 704 3734 818 3772; x_wconf 87' lang='lat' dir='ltr'>necesse</span> <span class='ocrx_word' id='word_1_259' title='bbox 837 3715 920 3770; x_wconf 80' lang='lat' dir='ltr'>foret.</span> 
     </span>
    </p>

    <p class='ocr_par' dir='ltr' id='par_1_16' title="bbox 133 3804 1180 3976">
     <span class='ocr_line' id='line_1_35' title="bbox 173 3804 1180 3874; baseline -0.002 -12"><span class='ocrx_word' id='word_1_260' title='bbox 173 3807 279 3865; x_wconf 74' lang='lat' dir='ltr'>Bessis.</span> <span class='ocrx_word' id='word_1_261' title='bbox 299 3808 366 3863; x_wconf 80' lang='lat' dir='ltr'>Haec</span> <span class='ocrx_word' id='word_1_262' title='bbox 382 3819 442 3864; x_wconf 89' lang='lat' dir='ltr'>erat</span> <span class='ocrx_word' id='word_1_263' title='bbox 461 3805 587 3865; x_wconf 81' lang='lat' dir='ltr'>&#39;Ilrraciae</span> <span class='ocrx_word' id='word_1_264' title='bbox 606 3807 685 3862; x_wconf 91' lang='lat' dir='ltr'>natio</span> <span class='ocrx_word' id='word_1_265' title='bbox 707 3807 745 3863; x_wconf 86' lang='lat' dir='ltr'>ad</span> <span class='ocrx_word' id='word_1_266' title='bbox 757 3817 886 3862; x_wconf 86' lang='lat' dir='ltr'>montem</span> <span class='ocrx_word' id='word_1_267' title='bbox 904 3806 1041 3860; x_wconf 75' lang='lat' dir='ltr'>Hammo.</span> <span class='ocrx_word' id='word_1_268' title='bbox 1061 3804 1180 3874; x_wconf 76' lang='lat' dir='ltr'>Cellen,</span> 
     </span>
     <span class='ocr_line' id='line_1_36' title="bbox 133 3898 437 3976; baseline -0.003 -20"><span class='ocrx_word' id='word_1_269' title='bbox 133 3899 224 3976; x_wconf 75' lang='lat' dir='ltr'>Geog.</span> <span class='ocrx_word' id='word_1_270' title='bbox 238 3912 314 3968; x_wconf 69' lang='lat' dir='ltr'>ant„</span> <span class='ocrx_word' id='word_1_271' title='bbox 332 3919 377 3971; x_wconf 92' lang='grc' dir='ltr'>ιι,</span> <span class='ocrx_word' id='word_1_272' title='bbox 395 3898 437 3957; x_wconf 80' lang='lat'>15.</span> 
     </span>
    </p>

    <p class='ocr_par' dir='ltr' id='par_1_17' title="bbox 174 3991 747 4064">
     <span class='ocr_line' id='line_1_37' title="bbox 174 3991 747 4064; baseline 0 -18"><span class='ocrx_word' id='word_1_273' title='bbox 174 3992 328 4064; x_wconf 70' lang='lat' dir='ltr'>Epistola.</span> <span class='ocrx_word' id='word_1_274' title='bbox 346 3993 389 4048; x_wconf 80' lang='lat' dir='ltr'>Ad</span> <span class='ocrx_word' id='word_1_275' title='bbox 408 3993 500 4064; x_wconf 77' lang='lat' dir='ltr'>Quint.</span> <span class='ocrx_word' id='word_1_276' title='bbox 507 3991 604 4063; x_wconf 69' lang='lat' dir='ltr'>frat,</span> <span class='ocrx_word' id='word_1_277' title='bbox 628 4013 654 4064; x_wconf 88' lang='lat'>1,</span> <span class='ocrx_word' id='word_1_278' title='bbox 674 4013 705 4062; x_wconf 84' lang='lat' dir='ltr'>r,</span> <span class='ocrx_word' id='word_1_279' title='bbox 722 4012 747 4062; x_wconf 83' lang='lat'>7.</span> 
     </span>
    </p>

    <p class='ocr_par' dir='ltr' id='par_1_18' title="bbox 123 4079 1179 4233">
     <span class='ocr_line' id='line_1_38' title="bbox 173 4079 1179 4157; baseline -0.005 -19"><span class='ocrx_word' id='word_1_280' title='bbox 173 4083 262 4138; x_wconf 68' lang='lat' dir='ltr'>Assia.</span> <span class='ocrx_word' id='word_1_281' title='bbox 281 4084 378 4140; x_wconf 82' lang='lat' dir='ltr'>Asiam</span> <span class='ocrx_word' id='word_1_282' title='bbox 391 4084 507 4141; x_wconf 83' lang='lat' dir='ltr'>sortitus</span> <span class='ocrx_word' id='word_1_283' title='bbox 521 4095 582 4142; x_wconf 88' lang='lat' dir='ltr'>erat</span> <span class='ocrx_word' id='word_1_284' title='bbox 596 4089 629 4157; x_wconf 89' lang='lat' dir='ltr'>Q.</span> <span class='ocrx_word' id='word_1_285' title='bbox 648 4085 766 4153; x_wconf 85' lang='lat' dir='ltr'>Cicero,</span> <span class='ocrx_word' id='word_1_286' title='bbox 781 4084 821 4138; x_wconf 91' lang='lat' dir='ltr'>M.</span> <span class='ocrx_word' id='word_1_287' title='bbox 836 4081 966 4155; x_wconf 85' lang='lat' dir='ltr'>Pupione</span> <span class='ocrx_word' id='word_1_288' title='bbox 985 4090 1013 4136; x_wconf 86' lang='lat' dir='ltr'>et</span> <span class='ocrx_word' id='word_1_289' title='bbox 1028 4079 1069 4135; x_wconf 92' lang='lat' dir='ltr'>M.</span> <span class='ocrx_word' id='word_1_290' title='bbox 1089 4079 1179 4135; x_wconf 84' lang='lat' dir='ltr'>Vale-</span> 
     </span>
     <span class='ocr_line' id='line_1_39' title="bbox 123 4175 434 4233; baseline 0.013 -5"><span class='ocrx_word' id='word_1_291' title='bbox 123 4175 199 4230; x_wconf 86' lang='lat' dir='ltr'>lerio</span> <span class='ocrx_word' id='word_1_292' title='bbox 218 4177 337 4233; x_wconf 77' lang='lat' dir='ltr'>Messala</span> <span class='ocrx_word' id='word_1_293' title='bbox 356 4197 434 4232; x_wconf 81' lang='lat' dir='ltr'>coss.</span> 
     </span>
    </p>
   </div>
   <div class='ocr_carea' id='block_1_5' title="bbox 259 4300 1050 4386">
    <p class='ocr_par' dir='ltr' id='par_1_19' title="bbox 259 4300 1050 4386">
     <span class='ocr_line' id='line_1_40' title="bbox 259 4300 1050 4386; baseline -0.001 -41"><span class='ocrx_word' id='word_1_294' title='bbox 259 4320 293 4366; x_wconf 54' lang='grc' dir='ltr'>Η·</span> <span class='ocrx_word' id='word_1_295' title='bbox 627 4367 633 4386; x_wconf 35' lang='lat'>⁸</span> <span class='ocrx_word' id='word_1_296' title='bbox 1016 4300 1050 4344; x_wconf 90' lang='lat' dir='ltr'>ll</span> 
     </span>
    </p>
   </div>
   <div class='ocr_carea' id='block_1_6' title="bbox 0 0 1592 5442">
    <p class='ocr_par' dir='ltr' id='par_1_20' title="bbox 0 0 1592 5442">
     <span class='ocr_line' id='line_1_41' title="bbox 0 0 1592 5442; baseline 0 0"><span class='ocrx_word' id='word_1_297' title='bbox 0 0 1592 5442; x_wconf 95' lang='lat' dir='ltr'> </span> 
     </span>
    </p>
   </div>
  </div>
 </body>
</html>
