3098 5446
435 555 472 610 32
836 551 867 606 C.
890 551 1065 607 struuouu

435 678 609 749 cerdotum
629 677 815 771 frequentia
836 677 970 746 inferias
986 671 1113 748 Neroni
1133 675 1225 744 dedit
1244 700 1310 744 :ac
1323 673 1453 744 soll-ni

436 800 591 870 convivio
605 795 824 867 ciahnoedum
836 797 1021 892 placentem
1039 796 1148 890 palam
1165 795 1355 882 admonuit,
1367 811 1399 864 ut
1410 793 1456 863 ali·

436 921 518 1016 quid
537 935 570 988 et
600 919 643 988 de
663 919 843 988 Dominico
863 918 1002 1006 diceret5
1030 917 1268 1011 inchoantique
1283 917 1454 985 Neroniana

437 1042 583 1128 cantica,
600 1041 728 1136 primus
747 1037 914 1108 exsultans
933 1040 1033 1107 ctiam
1052 1035 1185 1132 plausit.

486 1165 565 1232 XII.
581 1158 718 1230 Talibus
733 1160 1091 1254 principiis,magnam
1109 1161 1237 1254 imperii
1258 1175 1383 1254 partem
1401 1187 1458 1230 non

438 1287 500 1354 nisi
527 1281 667 1354 oonsilio
692 1297 725 1350 et
752 1281 891 1350 arbitrio
916 1279 1063 1350 vilissimi
1090 1281 1251 1374 cujusque
1273 1281 1458 1351 histrionum
1530 1277 1531 1290 ¹

437 1421 469 1475 ot
489 1407 680 1500 aurigarum
702 1401 966 1488 administravit,
986 1417 1020 1470 et
1039 1403 1180 1469 maxime
1199 1401 1333 1470 Asiatici
1351 1401 1460 1472 liberti.

437 1530 536 1595 Hunc
562 1521 864 1609 adolescentulum,
895 1535 1012 1590 mutua
1042 1520 1179 1588 libidine
1207 1535 1463 1616 constupratum,

438 1670 515 1714 mox
530 1645 629 1714 taedio
642 1643 842 1739 profugum,
858 1666 962 1736 quum
975 1639 1123 1712 Puteolis
1136 1665 1270 1735 poscam
1280 1641 1463 1710 vendentem
1530 1701 1531 1740 3

439 1764 718 1860 reprehendisset,
739 1764 881 1855 conjecit
901 1763 935 1829 in
954 1760 1146 1855 compedes,
1167 1761 1346 1854 statimque
1360 1761 1464 1846 solvit,

438 1901 472 1955 et
490 1910 604 1954 rursus
623 1885 657 1952 iu
676 1881 801 1952 deliciis
818 1882 935 1950 habuit
954 1882 1099 1950 :iterum
1122 1879 1257 1965 deinde,
1278 1881 1322 1948 ob
1341 1883 1465 1950 nimiam
1530 1885 1531 1892 '

440 2007 682 2074 contumaciam
713 2019 747 2072 et
778 2002 984 2072 ferocitatem
1012 2017 1185 2096 gravatus,
1217 2002 1466 2070 circumforaneo
1530 2073 1531 2080 χ

440 2125 566 2194 lanistae
587 2123 757 2209 vendidit,
775 2121 984 2216 dilatumque
1000 2121 1042 2190 ad
1066 2121 1166 2191 finem
1184 2123 1331 2192 muneris
1345 2137 1468 2217 repente

442 2247 623 2339 surripuit,
645 2259 679 2311 ot
697 2243 869 2336 provincia
886 2242 1020 2311 demum
1044 2261 1180 2336 accepta
1208 2243 1397 2310 manumisit
1413 2267 1420 2308 ε
1436 2267 1468 2310 ac
1530 2229 1531 2234 ἵ

441 2366 549 2460 primo
567 2364 696 2458 imperii
714 2363 769 2432 die
787 2365 895 2432 aureis
916 2363 1053 2432 donavit
1070 2362 1204 2433 annulis
1218 2387 1317 2457 super
1331 2388 1468 2446 coenam,
1530 2447 1531 2458 ,

441 2508 544 2578 quum
564 2507 684 2569 mane,
706 2482 901 2578 rogantibus
925 2508 987 2578 pro
1010 2507 1050 2582 eo
1070 2485 1216 2572 cunctis,
1234 2467 1409 2552 detestatus
1422 2507 1468 2550 es·
1530 2511 1531 2564 j

440 2619 490 2675 set
506 2591 709 2672 severissime
724 2601 822 2671 talem
839 2596 1001 2697 equestris
1017 2603 1143 2672 ordinis
1158 2602 1336 2673 maculam.

489 2725 581 2793 XIII.
602 2723 666 2793 Sed
690 2721 741 2792 v'el
759 2723 927 2817 praecipue
947 2721 1086 2792 luxuriae
1105 2724 1301 2816 saevitiaeque
1324 2723 1469 2806 deditus,

441 2842 555 2939 epulas
575 2843 737 2914 trifariam
758 2867 899 2937 semper,
918 2841 1085 2911 interdum
1101 2843 1340 2938 quadrifariam
1355 2843 1472 2938 disper-

442 2965 561 3052 tiebat,
578 2967 612 3032 in
627 2963 811 3057 jentacula,
829 2979 862 3032 et
893 2963 1049 3058 prandia,
1073 2971 1254 3050 et'coenas,
1272 2965 1471 3033 comissatio·
1530 2997 1531 3000 ¹

442 3109 587 3177 nesque3
606 3083 701 3152 facile
720 3084 874 3153 omnihus
893 3075 1078 3170 sufficiens,
1099 3084 1282 3154 uomitandi
1299 3099 1471 3154 consuetu-

442 3204 529 3271 dine.
552 3193 723 3273 Indiccbat
741 3220 851 3273 autem
876 3202 967 3272 aliud
996 3202 1051 3273 alii
1073 3203 1188 3278 eadem
1217 3205 1271 3272 die
1291 3232 1299 3272 ε
1320 3229 1381 3274 nec
1408 3205 1473 3272 cui·
1530 3191 1531 3194 ¹

443 3349 542 3418 quam
573 3330 682 3394 minus
715 3325 837 3420 singuli
861 3339 1042 3421 apparatus
1070 3325 1306 3420 quadringenis
1340 3323 1476 3394 millibus

445 3471 619 3516 nummum
645 3447 876 3516 constiterunt.
901 3447 1131 3516 Famosissima
1152 3469 1252 3541 super
1269 3461 1397 3515 ceteras
1424 3444 1478 3512 fuit

353 3551 360 3560 ⁸
443 3584 537 3634 coena
554 3565 630 3634 data
646 3567 675 3634 ei
700 3567 884 3636 adventicia
903 3591 922 3636 a
941 3568 1058 3656 fratre,
1082 3569 1198 3661 inqua
1217 3567 1284 3636 duo
1313 3565 1420 3635 millia
1438 3563 1479 3631 le·

444 3687 666 3755 ctissimorum
680 3689 832 3781 piscium,
846 3703 972 3783 septem
985 3690 1109 3775 avium,
1126 3690 1276 3783 apposita
1290 3687 1481 3756 traduntur.

444 3809 540 3876 Hanc
552 3833 685 3901 quoque
699 3810 910 3904 exsuperavit
924 3811 994 3903 ipse
1009 3809 1217 3878 dedicatione
1233 3810 1373 3904 patinae,
1385 3827 1480 3900 quam

444 3927 486 3994 ob
507 3929 699 3996 immensam
719 3929 980 4024 magnitudinem
997 3931 1147 4028 clypeum
1164 3933 1327 4002 Minervae
1346 3920 1483 3997 Πολιού-

444 4073 502 4132 χου
516 4047 697 4118 dictitabat.
721 4053 760 4117 ln
785 4051 847 4120 huc
867 4075 1037 4120 scarorum
1060 4053 1225 4144 jecinora,
1245 4051 1481 4146 phasianorum

359 4193 361 4196 ·
443 4182 474 4232 et
494 4191 659 4260 pavonum
681 4169 857 4260 cerebella,
883 4171 1011 4266 linguas
1035 4173 1337 4268 phoenicopterum,
1360 4191 1483 4236 rnurae-
