3108 5434
372 523 557 578 OCTAVIUS
572 521 777 578 AUGUSTUS.
1049 523 1085 592 87

97 671 225 738 nequem
241 669 404 738 quoquam
421 645 494 738 plus
513 645 647 714 denario
661 644 836 712 auferente.
855 647 1086 713 Revertentem

96 791 124 832 er
137 764 282 858 provincia
302 789 369 834 non
388 763 495 834 solum
515 765 629 833 faustis
646 764 828 850 ominibus,
845 763 951 832 sedet
969 765 1087 834 morlu-

96 883 150 952 latis
161 883 346 954 carminibus
360 885 654 977 prosequebantur.
670 884 891 954 Observatum
906 885 1006 952 etiam
1021 898 1088 969 est,

96 1027 138 1090 ue,
158 980 266 1096 quoties
291 1003 445 1072 introiret
469 1003 612 1090 Urbem,
639 1002 838 1096 supplicium
860 1001 901 1071 de
921 1027 1086 1096 quoquam

96 1135 250 1190 sumeretur.

127 1241 226 1308 blllL
250 1242 357 1309 Patris
385 1241 498 1332 patriae
527 1264 710 1334 cognomen
740 1242 884 1309 universi
914 1245 1087 1336 repentino

96 1361 261 1452 miinoque
278 1383 443 1430 consensu
463 1356 653 1428 detulerunt
674 1361 714 1427 ei.
739 1360 850 1428 Prima
872 1359 982 1452 plebs,
1002 1361 1089 1458 legn-

95 1481 158 1546 tione
172 1480 301 1550 llutiurn
318 1480 417 1548 missa
434 1503 443 1546 :
461 1478 553 1564 dein,
570 1479 646 1570 quia
664 1503 732 1546 nou
750 1479 943 1572 recipiebat,
962 1482 1088 1550 ineunti

93 1601 176 1664 llonm
195 1595 376 1692 spectacula
401 1597 554 1690 frequens
580 1611 613 1664 et
639 1596 783 1666 laureata
809 1622 817 1663 :
840 1622 915 1665 mox
939 1600 972 1666 in
997 1601 1089 1670 curia

93 1733 210 1803 senatus,
229 1741 334 1810 neque
363 1715 514 1802 decreto,
542 1739 650 1808 neque
674 1715 929 1804 acclamatione,
952 1717 1008 1786 sed
1031 1744 1089 1812 per

92 1833 223 1904 Valerium
244 1834 429 1906 Messalam.
456 1839 508 1923 Is,
532 1835 767 1904 mandantibus
789 1837 939 1925 cunctis,
961 1838 1088 1925 «Quod

20 2001 21 2056 3
92 1953 374 2047 bonum,1›inquit,
394 1956 631 2048 «faustumque
650 1956 691 2022 sit
710 1954 787 2042 tibi,
806 1953 986 2048 domuique
1006 1971 1086 2038 tuae,

91 2077 170 2142 Cesar
181 2079 326 2170 Auguste
341 2101 348 2142 :
364 2079 409 2144 sic
428 2075 515 2142 enim
532 2099 594 2143 nos
609 2089 803 2167 perpetuam
823 2073 1009 2144 felicitatem
1027 2078 1089 2142 rci-

89 2191 194 2280 publice
216 2209 247 2262 et
271 2193 347 2264 tata
368 2195 445 2264 huic
465 2196 593 2287 precari
611 2195 835 2262 existimamus
857 2221 864 2261 :
887 2209 1019 2263 senatus
1039 2209 1087 2281 te,

89 2316 257 2384 onseutiens
285 2339 364 2382 eum
395 2313 518 2407 populo
546 2317 715 2399 Romano,
742 2312 927 2382 consalutat
956 2337 1089 2384 carmin

89 2451 225 2500 riman.»
237 2437 305 2504 Cui
324 2433 506 2527 lacrymans
527 2433 698 2526 respondit
718 2435 889 2527 Augustus
910 2435 960 2502 his
980 2435 1088 2502 verbis

88 2539 155 2640 lipsa
176 2554 279 2638 euim,
308 2554 393 2622 sicut
416 2552 584 2636 Messalae,
610 2553 727 2645 posui)
752 2577 759 2620 ε
785 2556 957 2646 «Compos
982 2553 1087 2622 factus

87 2683 204 2740 votorum
223 2697 395 2758 meorum,
416 2687 526 2767 patres
545 2674 743 2765 conscripti,
762 2673 852 2764 quod
872 2673 978 2739 habeo
997 2671 1087 2740 aliud

20 2821 21 2830 ¹
86 2788 148 2858 llecs
172 2792 371 2862 imnmrtales
402 2793 547 2884 precari,
577 2816 678 2884 quam
709 2805 746 2858 ut
770 2790 860 2860 bunc
889 2815 1088 2859 consensum

87 2923 198 2979 vestrum
211 2913 253 2980 ad
266 2912 425 2982 ultimum
440 2915 514 2980 vitae
529 2909 627 2979 linem
642 2911 722 2980 mibi
739 2909 882 3004 perferre
897 2908 1040 2978 licenti»

118 3031 188 3098 ux.
214 3033 511 3102 Medico-Antonio
530 3034 649 3118 Musae,
668 3031 762 3123 cujus
777 3055 878 3124 opera
895 3056 934 3098 cx
953 3033 1087 3124 ancipiti

86 3148 173 3217 norbo
190 3151 426 3239 convaluerat,
448 3167 590 3221 statuam
614 3175 677 3219 aere
702 3148 822 3218 collato
839 3151 936 3242 juxta
956 3150 1087 3243 signum

86 3264 228 3363 esculapii
244 3285 446 3340 statuerunt.
468 3269 629 3341 Nonnulli
649 3285 782 3364 patrum
805 3269 1005 3338 familiarum
1027 3284 1089 3338 tes·

84 3395 201 3458 tanente
221 3405 402 3478 caverunt,
425 3405 462 3458 ut
482 3391 523 3458 nb
544 3389 719 3458 heredibus
742 3390 808 3457 suis
833 3387 967 3480 prealato
989 3388 1088 3460 titulo

86 3503 193 3578 victime
216 3511 249 3578 in
278 3507 486 3604 Capitolium
514 3508 733 3593 ducerentur,
758 3521 939 3599 votumque
967 3532 1028 3600 pro
1054 3533 1087 3576 se

84 3621 246 3714 salvaretur,
267 3653 366 3712 Quon
383 3652 614 3699 suraasrrrmr
634 3649 818 3697 auousrun
835 3649 1084 3707 nnnrQurssanr.

83 3737 214 3826 Quadam
228 3748 336 3818 ltaliae
351 3749 499 3816 civitates
515 3747 618 3834 diem,
635 3772 702 3840 quo
717 3747 861 3840 primum
877 3745 917 3811 ad
932 3769 966 3812 se
981 3746 1086 3814 venis·

83 3875 130 3947 set,
142 3866 261 3936 initium
277 3870 357 3936 anni
371 3869 528 3938 fecerunt.
545 3868 795 3936 Provinciarum
811 3863 973 3956 pleraque
988 3888 1087 3956 super

24 4028 28 4039 .
83 3982 179 4074 templa
193 4001 224 4053 et
240 4012 331 4074 aras,
350 3985 446 4056 ludos
462 4011 593 4081 quoque
610 3983 869 4079 quinquennales
885 4005 976 4074 paene
992 3983 1086 4076 oppi-

25 4118 29 4129 ·
83 4093 160 4168 latim
178 4109 431 4176 constituerunt.
