3108 5434
411 540 811 598 ocrtvtusattcusrus.
1089 560 1123 616 pt

95 655 267 726 bellorum
286 657 432 730 civilium
461 661 674 750 duraverant,
706 678 764 732 aut
799 687 857 758 per
885 687 1000 758 pacem
1026 667 1125 736 etism

36 856 39 866 Ι
97 777 298 848 exstiterant.
316 781 404 849 Nam
417 794 450 848 et
465 795 687 874 grassatorum
705 782 841 876 plurimi
860 781 970 876 palam
992 809 1027 853 se
1046 785 1127 856 lere-

97 898 173 966 bant
189 898 355 968 succincti
381 898 489 988 semo,
514 902 607 992 quasi
628 901 740 970 tuendi
765 903 816 970 sui
838 925 938 972 causa
956 927 964 970 :
980 918 1015 972 et
1038 907 1124 998 rapti

97 1040 154 1108 per
171 1039 272 1110 agrem
297 1016 440 1086 viatores
458 1019 528 1090 sine
544 1017 746 1106 discrimine,
768 1017 864 1090 liberi
887 1022 1053 1115 navique,
1075 1047 1125 1091 or-

96 1131 231 1226 gaatulia
251 1157 474 1228 possessorum
494 1136 812 1229 supprimebantur:
833 1151 868 1208 et
885 1137 1037 1232 plurima
1056 1140 1122 1210 tec-

98 1254 222 1339 tionss,
241 1251 341 1324 titulo
358 1251 486 1348 collegii
505 1255 597 1340 nori,
619 1253 660 1324 ad
678 1254 800 1326 nullius
817 1281 884 1326 nou
901 1256 1055 1326 facinoris
1072 1283 1124 1328 so·

96 1373 245 1442 cietatem
264 1373 407 1442 coibant
432 1375 538 1467 Igitur
559 1386 775 1466 grassatores,
798 1373 963 1468 dispositis
981 1401 1041 1470 per
1064 1402 1124 1471 op·

98 1503 242 1580 portum
259 1489 332 1560 locis
348 1491 543 1562 stationibus
560 1491 705 1566 inhibuit
720 1517 729 1561 r
742 1491 907 1586 ergastula
918 1497 1124 1589 recognovit:

97 1607 250 1702 collegia,
270 1625 389 1703 praetcr
403 1611 540 1703 antiqua
558 1623 591 1680 et
613 1609 774 1704 legitima,
803 1610 960 1681 dissolvit.
985 1613 1125 1684 Tabulas

96 1742 243 1796 veterum
262 1730 368 1798 ararit
387 1728 588 1817 debitorum,
606 1727 656 1798 vel
680 1731 880 1825 precipuam
900 1729 1124 1802 calumniandi

95 1848 286 1934 materiam,
302 1848 435 1915 exussit.
454 1850 543 1916 Loca
561 1849 595 1915 in
613 1847 709 1916 Urbe
729 1847 859 1942 publica
872 1849 956 1942 juris
967 1849 1124 1945 ambigui

96 1967 341 2056 possessoribus
360 1963 570 2058 adjudicavit.
599 1967 844 2039 Diuturuorum
865 1991 1013 2056 reorum,
1030 1983 1063 2036 et
1084 1994 1122 2036 ex

95 2107 237 2174 quorum
262 2083 416 2154 sordibus
440 2083 521 2154 nibil
551 2083 640 2154 aliud
669 2109 767 2178 quam
798 2084 951 2181 voluptas
984 2087 1124 2156 inimicis

95 2217 313 2295 quareretm,
332 2203 465 2274 nomina
480 2201 641 2293 abolevit,
658 2205 847 2278 conditione
864 2207 1050 2301 proposita,
1069 2219 1124 2293 ut,

95 2323 241 2416 siquem
262 2324 339 2416 quis
357 2336 504 2416 repetere
527 2321 644 2410 vellet,
663 2349 723 2418 par
739 2323 922 2419 periculum
940 2349 1044 2418 poenae
1067 2347 1122 2393 su·

94 2441 183 2510 biret.
194 2443 251 2512 Nc
266 2441 478 2534 quodantem
494 2440 689 2512 maleficium
705 2445 914 2538 negotiumve
929 2444 1125 2537 impunitate

94 2559 140 2628 rel
160 2585 260 2630 mora
287 2559 486 2650 elaberetur,
509 2563 643 2656 triginta
665 2561 807 2656 amplius
831 2561 912 2651 dias,
938 2563 995 2655 qni
1022 2562 1127 2630 hono·

95 2681 183 2748 rariis
196 2678 290 2748 ludis
298 2681 557 2774 occupabantur.
569 2683 657 2752 actui
670 2705 782 2750 rerum
790 2679 1060 2749 accommodavit.
1072 2681 1123 2748 Ad

96 2811 155 2866 tres
166 2797 326 2890 judicum
340 2797 489 2870 decurias
499 2815 650 2893 quartam
662 2799 788 2870 addidit
798 2822 836 2868 ex
846 2797 1000 2866 inferiore
1011 2821 1125 2885 censu,

95 2942 162 3008 quae
186 2918 446 2988 ducenariorum
467 2935 656 3006 vocaretur;
678 2919 906 3013 judicaretque
932 2915 973 2984 de
1000 2915 1126 2985 leviori·

94 3036 150 3106 bus
166 3038 321 3106 summis.
338 3037 470 3106 Iudices
487 3063 506 3106 a
525 3027 692 3110 tricesimo
711 3039 815 3107 aetatis
831 3062 920 3106 anno
942 3035 1069 3130 allegit,
1091 3035 1124 3102 id

93 3171 151 3242 est,
168 3157 405 3250 quinquennio
425 3159 586 3226 maturius
602 3182 702 3252 quam
718 3155 876 3226 solebant.
896 3159 944 3225 Ac
961 3154 1125 3248 plerisque

91 3275 261 3366 judicandi
291 3299 412 3348 munus
432 3274 709 3363 detrectantibus,
728 3277 782 3346 vix
802 3276 975 3361 concessit,
995 3287 1034 3342 ut
1054 3276 1119 3342 sin·

93 3393 174 3486 gulis
191 3395 341 3464 decuriis
356 3417 415 3488 per
432 3396 519 3464 vices
536 3419 645 3464 annua
662 3395 788 3464 vacatio
797 3409 897 3483 esset,
914 3409 948 3463 et
966 3409 1004 3461 ut
1021 3392 1124 3462 solitae

93 3515 142 3606 agi
160 3513 340 3581 novembri
356 3538 396 3582 ac
414 3513 578 3582 decembri
597 3537 707 3585 mense
724 3538 776 3583 res
795 3515 1035 3584 omitterentur.

136 3635 302 3704 XXXIII.
318 3635 393 3727 lpse
406 3633 461 3726 jus
473 3633 556 3705 dixit
566 3631 711 3722 assidue,
726 3647 759 3704 at
773 3632 807 3702 iu
823 3648 954 3704 noctem
973 3655 1125 3700 nonnun-

91 3777 213 3844 quam;
233 3753 261 3822 si
286 3776 404 3846 parum
423 3775 561 3846 corpore
585 3750 726 3838 ualeret,
743 3751 857 3824 lectica
882 3779 944 3847 pro
965 3750 1123 3821 tribunali

91 3870 268 3956 collocata,
297 3869 464 3940 ueletiam
489 3869 577 3940 domi
596 3871 729 3942 cubans.
751 3872 844 3941 Dixit
857 3886 967 3940 autem
983 3871 1038 3962 jus
1055 3893 1122 3938 non

91 3989 261 4084 diligentia
273 3990 374 4058 modo
388 4015 530 4081 summa,
546 3991 603 4060 sed
619 4007 652 4062 et
668 3991 823 4063 lenitate:
842 3989 1002 4082 siquidem
1020 3989 1123 4055 mani-

95 4109 169 4188 lesti
188 4108 359 4203 parricidii
387 4133 497 4200 rcum,
521 4137 562 4182 ue
589 4109 683 4182 culeo
712 4113 913 4196 inereretur,
938 4107 1029 4201 quod
1055 4131 1123 4174 uon
