3138 5438
252 483 257 494 ·
391 481 411 555 fij
833 473 990 530 NOTITIA

400 600 580 674 dilexerit*
613 625 621 668 :
654 598 888 669 «Suetonium
912 593 1145 690 Tranquillum
1177 593 1430 690 probissimum,

396 719 681 806 honestissimum,
700 715 1003 787 emendatissimum
1022 715 1147 803 virum,
1170 727 1205 783 et
1230 736 1341 782 mores
1357 713 1430 806 ejus

395 855 527 912 secutus
547 853 581 908 et
595 835 704 907 studia
715 833 934 931 jampridem,
950 835 985 903 in
999 833 1257 903 contubernium
1274 831 1431 919 assumsi;

395 974 556 1053 tantoque
573 953 835 1056 magisdiligere
846 953 947 1046 eoepi,
962 965 1090 1046 quanto
1108 951 1247 1046 propius
1264 951 1432 1044 inspexi.»

446 1081 646 1171 Quanquam
665 1075 737 1145 sine
753 1071 864 1143 liberis
881 1070 962 1156 fuit,
979 1073 1017 1154 C,
1032 1068 1131 1150 Plinii
1148 1070 1255 1164 gratia
1274 1084 1308 1140 et
1328 1069 1434 1138 inter·

397 1197 544 1268 cessione
563 1219 582 1264 a
598 1193 744 1286 Trojano
761 1191 907 1261 obtinuit
911 1189 980 1280 jur
998 1190 1098 1259 truens
1115 1187 1310 1274 liberorum,
1330 1189 1365 1257 h.
1388 1212 1436 1276 e.,

396 1315 623 1386 immunitates
647 1311 770 1404 quibus
792 1308 857 1379 lrui
880 1307 1024 1377 dabatur
1049 1307 1282 1378 tantummodo
1305 1308 1437 1377 civibus

397 1436 457 1530 qui
475 1447 542 1504 tres
563 1429 684 1500 liberos
698 1427 876 1498 hebebant.

444 1551 553 1624 Multa
580 1551 705 1643 scripta
730 1549 769 1616 C.
797 1547 974 1616 Suetonius
1002 1545 1213 1640 Tranquillus
1225 1547 1439 1641 composuit,

314 1721 321 1750 s
397 1693 541 1768 quorum
556 1663 717 1738 nonnulla
735 1678 883 1752 exstaut3
899 1663 1006 1734 multo
1021 1662 1117 1760 plura
1137 1663 1440 1736 interciderunt**.

397 1789 584 1862 Praesertim
602 1809 683 1853 vero
701 1783 848 1852 innotuit
866 1779 952 1851 libro
973 1782 1014 1852 de
1030 1785 1096 1854 vita
1116 1807 1166 1854 xrs
1186 1787 1371 1854 Caesarum.

446 1905 544 2000 Apud
573 1928 672 1997 quem
699 1900 835 1971 minime
860 1902 1036 1995 querenda
1065 1902 1118 1972 vel
1147 1905 1182 1972 in
1215 1903 1443 1976 describendo

400 2025 487 2099 Livii
504 2024 677 2118 majestas,
694 2017 744 2089 vel
757 2020 864 2089 Taciti
881 2022 1027 2115 gravitas
1040 2022 1074 2090 in
1087 2019 1226 2092 dicendo
1241 2048 1250 2092 ε
1268 2020 1336 2092 illae
1351 2025 1446 2092 enim

401 2144 484 2216 adeo
511 2141 638 2212 eximie
662 2139 756 2209 dotes
774 2163 878 2234 quum
904 2164 923 2209 a
949 2141 1097 2210 Suetonii
1121 2140 1274 2236 ingenio,
1300 2157 1379 2212 tum
1401 2142 1447 2212 ab

401 2261 510 2358 operis
526 2261 699 2356 proposito
714 2260 840 2353 pariter
859 2256 973 2328 eliense
992 2257 1090 2328 fuisse
1109 2259 1279 2330 videntur.
1300 2263 1449 2358 Quippe

399 2383 434 2450 in
454 2378 656 2476 exponendis
669 2377 768 2448 rebus
784 2374 988 2466 domesticis,
1008 2378 1225 2474 pingendisve
1245 2381 1451 2478 principum

402 2498 550 2569 moribus
568 2495 674 2576 multo
691 2495 794 2590 magis
808 2509 1007 2590 occupatus,
1018 2521 1118 2590 quam
1139 2498 1173 2566 in
1188 2500 1374 2570 narrandis
1396 2525 1452 2572 re·

400 2619 463 2687 bus
479 2613 612 2710 publice
628 2616 749 2710 gestis,
766 2639 833 2684 non
849 2613 1022 2684 historiam
1032 2618 1175 2711 suscepit
1192 2617 1358 2689 omnibus
1378 2621 1453 2690 suis

399 2737 545 2806 numeris
570 2732 824 2820 absolvendam
849 2747 885 2802 at
909 2735 1021 2828 potius
1045 2737 1301 2807 commentarios
1322 2740 1455 2808 condi·

401 2855 472 2941 dit,
495 2855 530 2922 in
555 2853 677 2946 quibus
698 2849 836 2922 collecta
863 2849 1064 2946 relinqueret
1086 2877 1159 2947 quae
1183 2855 1329 2928 historia
1355 2856 1459 2928 velut

404 2997 464 3042 sua
490 2971 650 3066 dignitate
672 2967 829 3042 inferiora
853 2995 921 3040 non
950 2969 1091 3042 libenter
1116 2973 1314 3046 admisisset.
1351 2980 1460 3070 Quos

404 3089 484 3160 dum
508 3087 751 3186 pervolvimus,
778 3089 961 3160 cavendum
986 3115 1065 3162 sane
1084 3115 1105 3161 a
1127 3094 1231 3162 nimia
1253 3094 1462 3168 multorum

405 3207 623 3278 admiratione
638 3210 697 3303 qui
715 3207 889 3280 sollicitam
901 3209 972 3306 ejus
990 3209 1031 3280 de
1047 3211 1185 3306 privatis
1204 3212 1307 3284 rebus
1328 3239 1462 3286 euram

402 3329 486 3398 tanti
507 3327 653 3418 faciunt,
671 3342 710 3398 ut
729 3353 847 3424 parum
870 3329 1001 3416 absint,
1020 3330 1101 3424 quin
1124 3331 1251 3424 primas
1277 3333 1464 3406 Suetonio

402 3446 520 3518 latinos
537 3449 622 3517 inter
640 3448 814 3518 historiens
838 3449 1023 3542 assignent3
1040 3441 1102 3517 nec
1119 3441 1230 3519 minus
1248 3475 1268 3519 a
1291 3441 1465 3525 nonnul·

401 3563 563 3635 lorum***
580 3565 670 3636 haud
686 3565 755 3637 scio
777 3591 820 3636 an
844 3565 951 3637 dicam
971 3565 1145 3660 injustitia.
1163 3566 1316 3660 Quidum
1340 3575 1467 3664 enim,

443 3794 457 3820 ⁹
474 3795 569 3870 Ept'st.
577 3833 587 3862 ,
599 3811 633 3865 x,
653 3789 701 3868 95.

443 3897 471 3926 *¹⁹
488 3895 562 3954 Vide
581 3893 669 3966 intra,
691 3893 788 3968 Opem
805 3894 958 3968 deperdita.

438 3999 480 4028 *¹*
490 3997 534 4057 Cf.
547 3995 660 4054 iudicia
677 4005 705 4053 et
722 3995 895 4053 Testimonir
908 3995 1088 4055 eruditorum
1110 3998 1148 4058 de
1165 4001 1310 4062 Suetonio
1324 3987 1372 4092 'eut
1398 4013 1471 4088 ejus
