3168 5440
332 539 382 594 DE
402 537 651 594 ILLUSTRIBUS
672 540 950 598 GRAMMATICIS.
1135 547 1171 614 93

133 659 402 754 diligentissimus
429 677 516 747 erat,
544 689 646 757 quum
678 679 711 733 et
737 663 886 733 officinas
915 663 1172 756 promercalium

132 783 272 850 vestium
303 795 492 871 exerceret,
522 800 556 854 et
581 807 676 878 agros
706 784 788 854 adeo
818 781 959 870 coleret,
988 794 1025 852 ut
1051 786 1172 872 vitem,

134 925 233 970 manu
252 903 550 996 ejustinstitutam,
578 905 656 973 satis
681 907 808 972 constet
838 919 983 972 trecenta
1002 905 1172 999 sexaginta

132 1024 280 1116 quinque
295 1049 371 1092 vasa
390 1023 539 1092 edidisse.
560 1023 623 1093 Sed
642 1026 785 1092 maxime
802 1025 963 1119 flagrabat
978 1024 1172 1094 libidinibus

132 1145 163 1209 in
188 1141 360 1226 mulieres,
379 1144 539 1237 usquead
559 1145 727 1214 infamiam
748 1147 839 1214 oris:
859 1145 1014 1238 dictoque
1033 1169 1101 1214 non
1119 1147 1172 1215 in·

131 1261 238 1330 faceto
262 1279 413 1332 notatum
444 1263 554 1333 ferunt
576 1265 768 1358 cujusdam,
789 1266 863 1358 qni,
890 1289 993 1357 quum
1019 1266 1053 1334 in
1075 1266 1172 1335 turba

131 1381 280 1450 osculum
295 1383 356 1452 sibi
372 1386 596 1477 ingerentem,
614 1409 814 1478 quamquam
831 1385 1013 1480 refugiens,
1028 1384 1173 1455 devitare

131 1529 196 1570 non
215 1517 343 1598 posset,
362 1534 379 1569 a
391 1506 451 1574 Vis
470 1516 526 1591 tu,
541 1537 557 1570 n
579 1507 702 1599 inquit,
721 1508 920 1600 «magister,
938 1507 1069 1599 quoties
1086 1504 1174 1575 festi·

101 1705 104 1712 Ι
131 1639 265 1692 nantem
284 1622 428 1718 aliquem
448 1625 556 1709 vides,
574 1618 796 1720 abligurrire?
810 1657 825 1689 a

177 1747 306 1812 xxtv.
332 1748 378 1813 Μ.
399 1744 550 1832 Valerius
569 1747 717 1830 Probus,
739 1727 908 1840 Berylius,
928 1745 983 1816 diu
1005 1751 1172 1818 centuria·

129 1881 200 1932 tum
219 1866 333 1958 petiit,
350 1864 456 1933 donec
472 1865 568 1933 taedio
583 1865 624 1934 ad
638 1865 746 1934 studia
761 1891 798 1934 se
810 1863 961 1936 contulit.
980 1871 1123 1963 Legerat
1138 1871 1173 1939 in

130 1986 304 2080 provincia
322 1985 482 2078 quosdam
499 2001 623 2054 veteres
640 1984 769 2054 libellos
787 1987 876 2081 apud
895 1991 1174 2082 gramnratistam,

128 2105 273 2173 durante
298 2104 408 2174 adhuc
433 2106 478 2175 ibi
504 2107 718 2198 antiquorum
739 2108 920 2191 memoria,
936 2107 1077 2178 necdum
1098 2135 1172 2178 om·

129 2227 212 2295 nino
231 2225 479 2312 abolita,'sicut
500 2230 624 2295 Romae.
645 2231 715 2296 Hos
734 2251 838 2320 quum
857 2213 1049 2324 diligentius
1075 2255 1172 2326 repe·

130 2361 217 2434 tere,
236 2359 337 2440 atque
352 2345 433 2414 alios
448 2346 602 2441 deinceps
622 2372 821 2441 cognoscere
834 2366 984 2444 cuperet,
1000 2353 1173 2444 quamvis,

128 2488 248 2536 omnes
266 2467 640 2562 contemni,magisque
659 2469 841 2562 opprobrio
856 2467 1055 2564 legentibus,
1072 2497 1172 2565 quam

126 2567 246 2683 gloriae
271 2599 304 2656 et
327 2587 449 2656 fructui
473 2613 558 2675 esse,
582 2588 873 2676 animadverteret,
896 2588 1112 2661 nihilominus
1139 2593 1173 2660 in

126 2709 307 2803 proposito
321 2711 442 2776 mansit
456 2734 463 2774 :
479 2706 650 2801 multaque
666 2706 867 2800 exemplaria
881 2723 1050 2778 contracta
1064 2735 1174 2798 emen·

125 2827 228 2916 dare,
241 2827 517 2922 rac-distinguere,
534 2842 566 2896 et
585 2841 744 2900 annotare
760 2807 908 2915 criravit,
923 2826 983 2896 soli
1001 2829 1096 2916 huic,
1112 2853 1173 2897 nec

123 2947 189 3018 ulli
209 2961 371 3044 praeterea
393 2949 623 3043 grammatices
642 2948 748 3041 parti,
767 2946 909 3016 deditus.
930 2951 992 3018 Hic
1006 2972 1079 3016 non
1106 2963 1172 3018 tam

121 3067 330 3164 discipulos,
350 3092 451 3162 quam
470 3081 649 3137 sectatores
669 3065 815 3160 aliquot,
841 3067 969 3136 habuit.
990 3070 1172 3162 Nunquam

119 3192 218 3259 enim
236 3191 283 3257 ita
299 3189 432 3275 docuit,
447 3203 486 3256 ut
499 3189 646 3283 magistri
664 3211 839 3281 personam
858 3189 1044 3258 sustineret.
1059 3191 1173 3258 Unum

118 3309 174 3378 vel
209 3308 370 3402 alterum,
398 3307 464 3394 rel,
495 3333 598 3401 quum
624 3307 802 3402 plurimos,
830 3321 896 3376 tres
921 3319 980 3376 aut
1006 3285 1175 3402 quatdor,

117 3428 399 3525 postmeridianis
428 3429 519 3497 horis
544 3429 720 3497 admittere
737 3427 882 3510 solebat,
900 3428 1106 3522 cubansque,
1125 3431 1176 3497 in·

118 3569 176 3620 ter
198 3549 323 3645 longos
338 3574 378 3620 ac
394 3548 547 3644 vulgares
561 3573 749 3633 sermones,
767 3547 875 3642 legere
888 3547 1054 3641 quaedam,
1072 3549 1175 3642 idqnc

113 3693 280 3766 perraro.
304 3671 414 3740 Nimis
433 3693 540 3764 pauca
566 3681 597 3738 et
622 3669 739 3763 exigna
761 3667 802 3736 de
820 3667 1018 3760 quibusdam
1041 3669 1175 3736 minutis

110 3787 380 3884 quaestiunculis
398 3788 510 3858 edidit.
530 3787 679 3882 Reliquit
693 3801 803 3857 autem
822 3813 890 3858 non
911 3787 1110 3857 mediocrem
1125 3786 1176 3856 sil·

110 3935 200 3981 vam
224 3910 498 3980 observationum
520 3911 681 3980 sermonis
699 3911 838 4002 antiqui.

511 4127 825 4149 uon-*anu-
