3098 5446
479 563 743 623 VESPASIANUS.
1100 573 1133 629 51

99 711 188 756 nram
220 687 408 757 rationibus
429 687 529 758 vellet
556 690 693 780 inferri;
714 694 992 785 «Vespasium»
1012 696 1141 786 inquit,

95 837 110 870 α
123 805 289 878 adamato.
301 837 320 872 ι

142 931 271 999 XXIII.
290 929 454 1001 Utebatur
471 946 504 1002 et
526 933 674 1002 versibus
690 935 806 1030 gsaecis
831 938 1026 1030 tempestivo
1039 940 1139 1024 satis,

95 1064 131 1118 ut
149 1049 192 1120 de
207 1050 354 1144 quodam¹
371 1073 519 1146 procerae
531 1067 685 1142 statura,
705 1055 957 1150 improbiusque
976 1071 1075 1126 nato:

209 1207 214 1218 ¹
232 1236 326 1308 Παρὰ
343 1237 430 1304 βιβάς,
445 1235 561 1310 xpao'o'os
579 1236 731 1310 δολιχόσκιον
751 1243 829 1313 ἔγχος·

94 1405 127 1459 et
152 1389 195 1464 de
213 1387 337 1460 Cerulo
356 1388 493 1480 liberto,
510 1393 567 1485 qui
589 1389 682 1472 dives¹
706 1389 887 1462 admodum
907 1393 952 1461 ob
975 1394 1139 1464 subterfu-

91 1510 251 1605 giendum
264 1509 465 1604 quandoque
479 1511 536 1604 jus
554 1511 646 1600 fisci,
664 1511 845 1606 ingenuum
863 1537 898 1582 se
910 1527 945 1582 et
958 1513 1137 1584 Lachetem

91 1647 223 1702 mutato
240 1632 376 1700 nomine
394 1647 542 1725 coeperat
561 1630 663 1716 serre,
691 1620 714 1702 oi
733 1629 876 1721 Λάχης,
894 1629 1038 1723 Λάχης,
1060 1631 1139 1706 ieris

91 1748 263 1841 deciduus,
280 1743 385 1832 aldis
405 1747 546 1851 ἐξαρχῆς
564 1748 623 1841 ’ἔσῃ
644 1751 798 1845 Κήρυλος.
810 1757 956 1826 Maxime
969 1771 1081 1826 minen
1093 1759 1140 1828 di·

90 1876 265 1944 cecitatem
286 1873 465 1946 affectabat
491 1877 525 1944 in
548 1875 752 1947 deformibus
780 1875 900 1966 lucris,
919 1891 958 1946 ut
977 1876 1136 1946 invidiam

90 1994 204 2089 aliqua
232 1993 442 2064 cavillatione
473 1994 635 2098 dilueret,
671 1996 932 2091 transferretque
961 1997 1005 2067 ad
1038 1997 1134 2068 sales.

91 2114 283 2203 Quemdam
309 2141 329 2184 e
353 2117 439 2188 caris
468 2117 649 2202 ministris,
670 2115 948 2211 dispensationem
974 2117 1136 2204 cuidam,

89 2236 186 2328 quasi
212 2234 328 2323 fratri,
349 2251 519 2330 petentem
538 2261 643 2330 quum
672 2235 868 2324 distulisset,
892 2238 1002 2331 ipsum
1025 2240 1138 2308 candi·

89 2355 207 2424 datum
236 2356 279 2426 ad
308 2379 342 2426 se
367 2358 516 2446 vocavit3
535 2373 715 2451 exactaque
734 2358 894 2452 pecunia,
917 2373 1078 2452 quantam
1109 2362 1136 2428 is

86 2501 165 2545 cum
193 2475 414 2571 suffragatore
435 2502 497 2546 suo
520 2479 713 2573 pepigerat,
740 2479 812 2547 sine
833 2503 928 2548 mora
957 2479 1135 2550 ordinavit.

86 2595 319 2692 Interpellanti
342 2623 421 2666 mox
435 2599 604 2682 ministro,
626 2597 769 2668 «Alium
788 2600 864 2685 tibi,
880 2628 897 2664 o
914 2601 977 2686 uit,
992 2629 1009 2664 u
1022 2623 1133 2697 quaere

85 2717 224 2786 fratrem
247 2745 255 2786 :
278 2718 349 2806 hic,
370 2743 469 2812 quem
490 2728 585 2790 tuum
600 2733 713 2813 putas,
730 2743 823 2788 meus
840 2721 900 2788 e'st.
915 2749 932 2784 o
948 2717 1135 2788 Mulionem

84 2840 120 2906 in
144 2838 268 2906 itinere
287 2836 435 2931 quodam
449 2840 637 2933 suspicatus
652 2837 695 2908 ad
709 2837 897 2909 calciandas
913 2837 1023 2912 mulas
1048 2839 1134 2912 desi·

82 2957 204 3045 luisse,
221 2973 259 3028 ut
272 2957 406 3027 adeunti
422 2956 582 3053 litigatori
593 2960 737 3053 spatium
747 2983 943 3053 moramque
953 2960 1133 3052 praeberet,
1165 2992 1167 3001 ¹

81 3084 322 3178 interrogavit,
347 3085 507 3172 «Quanti
528 3082 722 3152 calciasset?
736 3113 754 3147 n
776 3098 959 3177 pactusque
979 3097 1029 3152 est
1049 3081 1135 3154 lucri

80 3220 229 3300 partem.
252 3203 522 3298 Reprehendenti
537 3201 608 3274 filio
624 3203 720 3291 Tito,
737 3202 827 3297 quod
845 3204 945 3272 etiarn
961 3205 1066 3274 urinae
1081 3229 1135 3274 ve·

79 3327 188 3422 ctigal
213 3341 421 3404 commentus
447 3339 546 3414 esset,
573 3324 748 3418 pecuniam
772 3347 812 3394 ex
838 3324 946 3420 prima
973 3326 1134 3418 pensione

78 3447 237 3518 admovit
260 3447 302 3518 ad
323 3471 441 3536 nares,
468 3446 654 3533 sciscitans,
679 3473 696 3508 α
712 3469 793 3514 num
816 3444 919 3514 odore
945 3444 1132 3516 offendere·

78 3584 162 3657 tuc;
177 3598 196 3634 o
215 3585 250 3638 et
270 3567 328 3640 illo
349 3583 510 3663 negante,
526 3571 703 3662 «Atqui,o
726 3567 850 3660 inquit,
865 3592 915 3636 ue
935 3564 1017 3636 lotio
1042 3581 1101 3634 est.
1118 3596 1135 3630 s

75 3692 296 3760 Nunciantes
313 3688 453 3784 legatos,
469 3687 659 3758 «decretam
677 3689 708 3758 ei
722 3687 856 3782 publice
871 3713 939 3758 non
955 3687 1129 3756 mediocris

74 3835 226 3904 summa
245 3825 388 3879 statuam
403 3807 630 3896 colosseum»
647 3809 763 3902 jussit,
781 3806 832 3876 vel
851 3803 1012 3877 continuo
1026 3821 1130 3903 pone·

72 3947 179 4020 rent,
198 3955 315 3999 cavam
334 3954 471 3998 manum
489 3943 679 4014 ostentans,
694 3943 728 3997 et
741 3957 757 3992 a
772 3943 921 4022 paratam
937 3927 1032 3997 basin
1048 3957 1064 3993 o
1080 3928 1132 3996 di·

71 4079 171 4122 cens.
194 4055 241 4122 Ac
255 4077 299 4122 ne
316 4053 350 4121 in
366 4065 457 4120 metu
475 4049 609 4144 quidem
626 4074 665 4120 ac
681 4047 828 4143 periculo
845 4051 962 4118 mortis
981 4064 1130 4119 extremo

70 4173 247 4242 abstinuit
264 4173 359 4265 jocis.
376 4175 462 4244 Nam
478 4197 582 4268 quum
603 4172 690 4240 inter
709 4185 817 4239 cetera
832 4169 984 4264 prodigia
999 4173 1133 4240 Mauso-

953 4299 986 4380 Δ.
