3108 5434
400 521 437 588 94
795 517 823 568 C.
844 513 1018 570 SUE'FONII

449 641 558 734 Lxx,
580 641 682 707 Coena
706 659 839 731 quoque
863 639 934 730 ejus
960 638 1115 706 secretior
1140 639 1172 704 in
1201 636 1320 705 fabulis
1347 636 1428 722 luit,

397 779 470 850 qure
492 757 593 853 vulgo
612 751 793 836 intendisse
814 758 994 826 vocabatur
1014 781 1022 825 ε
1042 757 1076 825 in
1105 781 1171 850 qua
1191 755 1329 825 deorum
1354 755 1431 826 dee-

397 901 537 970 rumque
569 871 685 946 habitu
718 873 921 946 discubuisse
953 877 1131 962 convivas,
1163 890 1196 944 et
1228 877 1336 970 ipsum
1367 901 1431 969 pro

396 995 548 1090 Apolline
563 1011 733 1086 ornatum,
751 1021 819 1065 non
836 999 971 1066 Antonii
988 995 1088 1066 modo
1103 994 1262 1090 epistole,
1280 994 1431 1090 singulo·

395 1139 469 1184 rum
491 1117 627 1185 nomina
649 1117 850 1186 amarissime
873 1115 1116 1202 enumerantis,
1134 1115 1352 1209 exprobrant,
1371 1115 1430 1182 sed

393 1247 426 1302 et
446 1235 516 1304 sine
531 1249 667 1305 auctore
684 1235 845 1305 notissimi
862 1259 976 1304 versus
995 1261 1004 1303 ε

451 1436 545 1506 Quum
558 1435 680 1510 primum
691 1437 809 1492 istorum
825 1436 963 1492 conduxit
975 1455 1071 1493 mensa
1084 1437 1252 1512 choragum,

488 1529 601 1600 Sexque
614 1527 684 1584 deos
700 1529 772 1584 vidit
785 1529 894 1598 Mollia,
912 1548 1016 1604 sexque
1031 1529 1113 1598 deas;

452 1620 543 1694 impia
558 1619 626 1674 dum
641 1621 742 1676 Phoebi
759 1623 850 1678 caesar
862 1621 1009 1678 mendacia
1022 1621 1110 1691 ludit,

487 1713 563 1766 Dum
579 1729 653 1766 novo
669 1711 809 1767 Divomm
822 1723 915 1768 coenat
930 1713 1083 1782 adulteria3

451 1802 555 1860 Omnia
571 1803 725 1860 scuteriis
741 1814 807 1860 tunc
820 1803 936 1859 numina
952 1803 1142 1874 declinarunt,

487 1895 569 1969 Fugit
586 1905 615 1951 et
632 1907 744 1952 auratos
758 1897 889 1971 luppiter
903 1895 963 1971 ipse
977 1907 1064 1952 toros.

390 2078 491 2148 Auxit
516 2101 614 2147 eoeuae
635 2103 801 2148 rumorem
824 2103 953 2149 summe
973 2091 1054 2148 tunc
1076 2082 1110 2148 in
1133 2081 1264 2149 civitate
1285 2083 1427 2174 penuria

390 2223 428 2268 ac
444 2197 560 2286 fames,
579 2196 860 2293 acclamatumque
877 2213 925 2268 est
946 2199 1118 2294 postridie,
1136 2223 1259 2268 somne
1275 2199 1426 2268 frumen-

390 2333 462 2386 tum
483 2317 561 2387 tleos
582 2318 801 2406 comedisse3n
818 2334 870 2407 et,
888 2321 1076 2390 «Cesarem
1094 2343 1163 2390 esse
1182 2319 1280 2416 plane
1298 2317 1426 2414 Apolli-

390 2461 480 2523 nem,
499 2437 557 2506 sed
579 2440 753 2508 Tortorem
768 2463 776 2508 ε
789 2469 806 2504 n
826 2464 893 2533 quo
915 2439 1112 2534 cognomine
1133 2441 1160 2510 is
1180 2439 1260 2508 deus
1278 2439 1424 2534 quadem

389 2559 423 2624 in
448 2571 542 2652 parte
568 2557 659 2626 urbis
686 2557 864 2628 colebatur.
893 2561 1037 2632 Notatus
1066 2575 1115 2627 est
1142 2573 1175 2628 et
1206 2573 1243 2626 ut
1269 2559 1421 2652 pretiosae

388 2675 599 2770 supellectilis
612 2679 929 2772 Corinthiorumque
941 2677 1164 2773 praecupidus,
1178 2693 1211 2748 et
1224 2679 1301 2747 aleae
1314 2677 1424 2783 indul-

388 2819 478 2889 gens.
505 2799 593 2868 Nam
619 2811 652 2865 et
675 2799 922 2892 proscriptionis
946 2813 1095 2892 tempore
1118 2797 1160 2866 ad
1185 2813 1325 2867 statuum
1349 2799 1422 2892 ejus

386 2912 589 3008 adscriptum
608 2931 675 3005 est,

481 3107 562 3162 Pater
576 3107 763 3181 argentarius,
777 3125 830 3182 ego
846 3108 1065 3180 Corinthiarius3

386 3313 490 3380 quum
504 3291 745 3360 existimaretur
760 3293 920 3386 quosdam
936 3309 1072 3388 propter
1085 3319 1162 3362 vasa
1179 3294 1350 3364 Corinthia
1368 3295 1421 3361 in-

386 3421 438 3476 ter
456 3413 656 3505 proscriptos
670 3437 801 3482 curasse
816 3413 1013 3483 referendos.
1032 3419 1074 3484 Et
1092 3413 1210 3483 deinde
1229 3412 1314 3482 hello
1333 3415 1420 3482 Sici-

386 3524 479 3597 liensi
498 3531 699 3625 epigramma
716 3531 889 3627 vulgatum
909 3548 958 3602 est
977 3559 985 3602 τ

480 3721 629 3794 Postquam
641 3721 684 3778 bis
700 3724 786 3782 classe
800 3725 888 3780 victus
901 3743 986 3781 naves
1000 3725 1137 3798 perdidit,

478 3811 637 3886 Aliquando
653 3825 683 3870 ut
694 3815 803 3885 vinem,
818 3817 890 3872 ludit
906 3817 1016 3874 assidue
1031 3808 1128 3874 aleam.

431 3995 551 4066 LXXI.
577 4001 626 4067 Ex
638 4000 759 4092 quibus
772 4001 839 4068 sive
851 4001 1044 4070 criminibus
1056 4003 1123 4070 sive
1135 3999 1317 4070 maledictis
1331 4003 1418 4071 infa-

383 4115 481 4182 miem
507 4117 718 4210 impudicitiae
745 4117 897 4188 facillime
926 4119 1102 4210 refutavit,
1128 4135 1159 4189 et
1188 4123 1355 4214 praesentis
1383 4139 1420 4190 et
