3098 5446
530 491 651 547 rmus.
756 539 758 550 .
834 545 838 551 ,
1076 491 1111 565 57

17 677 19 688 ,
91 622 130 688 tie
158 619 281 688 minor.
309 617 575 712 Amphitheatro
594 614 763 703 dedicato,
792 615 995 708 thermisque
1021 615 1117 708 juxta

17 759 19 820 t
57 739 59 746 ’
90 739 232 808 celeriter
253 739 444 826 exstructis,
470 761 592 806 munus
614 735 717 805 edidit
736 735 1025 832 apparatissimum
1049 732 1132 802 ler-'

17 869 19 882 '
88 862 331 955 gissimumque.
347 859 451 932 Dedit
476 873 509 928 et
538 855 654 927 navale
674 855 827 952 proelium
848 858 882 924 in
906 857 1007 926 veteri
1027 835 1118 958 Nau·

87 981 235 1051 machia:
253 980 377 1051 ibidem
395 994 429 1049 et
448 978 670 1075 gladiatores:
692 993 793 1072 atque
813 1002 881 1046 uno
896 975 950 1045 die
970 977 1119 1071 quinque

87 1099 180 1170 millia
201 1125 302 1170 omne
321 1125 428 1196 genus
445 1101 599 1169 ferarum.
758 1097 760 1102 ’

123 1226 218 1294 VIII.
242 1224 371 1293 Natura
390 1237 500 1291 autem
519 1219 867 1306 benevolentissimus,
886 1245 992 1313 quum
1013 1245 1053 1312 ex
1071 1221 1120 1289 in-

88 1344 197 1412 stituto
213 1341 339 1412 Tiberii
355 1367 470 1412 omnes
483 1340 604 1410 dehinc
622 1344 767 1410 Caesares
785 1340 965 1428 beneficia,
981 1365 1000 1410 a
1020 1366 1119 1434 supe·

90 1462 230 1532 rioribus
244 1487 399 1532 concessa
419 1462 643 1556 principibus,
660 1461 757 1532 aliter
772 1477 845 1532 rata
860 1487 928 1532 non
944 1463 1119 1552 haberent,

85 1607 178 1676 quam
203 1586 231 1652 si
259 1583 374 1654 eadem
394 1583 510 1653 iisdem
537 1598 570 1653 et
587 1584 651 1678 ipsi
673 1583 857 1670 dedissent,
886 1586 1011 1679 primus
1033 1609 1119 1680 prae·

86 1705 178 1773 terita
198 1707 312 1774 omnia
328 1730 396 1774 uno
412 1705 625 1774 confirmavit
641 1704 770 1791 edicto;
792 1729 854 1774 nec
872 1729 891 1774 a
910 1730 944 1775 se
959 1708 1025 1800 peti
1045 1688 1121 1801 pas·

85 1849 134 1893 sus
152 1839 212 1894 est.
232 1828 274 1894 In
303 1819 432 1896 ceteris
447 1850 526 1896 vero
545 1825 712 1895 desideriis
726 1816 905 1896 hominum
932 1827 1122 1898 obstinatis·

85 1947 160 2014 sime
187 1949 326 2034 tenuit,
338 1971 381 2015 ne
397 1971 499 2040 quem
522 1949 592 2016 sine
611 1972 669 2042 spe
686 1947 876 2017 dimitteret.
893 1948 986 2039 Quin
1004 1964 1037 2019 et
1063 1949 1122 2019 ad-

85 2066 291 2136 monentibus
305 2065 512 2153 domesticis,
529 2067 649 2160 «quasi
664 2065 761 2162 plura
775 2067 1000 2163 polliceretur,
1019 2093 1121 2163 quam

84 2203 236 2282 praestare
263 2205 374 2284 posset
393 2214 494 2257 :u-
509 2217 526 2255 α
539 2191 618 2260 Non
645 2205 814 2283 oportere,
837 2219 854 2255 a
879 2192 944 2276 ait,
970 2216 1122 2286 «quem-

84 2333 178 2400 quam
204 2332 224 2378 a
251 2302 402 2378 sermone
425 2309 585 2404 principis
613 2310 741 2379 tristem
772 2309 949 2381 discedere.
969 2341 987 2377 a>
1011 2316 1122 2406 'Atque

84 2431 178 2498 uiam
204 2428 399 2499 recordatus
416 2427 595 2524 «quondam
621 2453 723 2525 super
750 2455 899 2517 coenam,
926 2431 1018 2524 quod
1039 2409 1122 2502 nihil

85 2551 237 2642 cuiquam
256 2564 328 2618 toto
344 2550 398 2619 die
416 2551 638 2644 prestitisset,
659 2551 906 2620 memorabilem
922 2550 1033 2637 illam,
1054 2543 1122 2622 me-

83 2674 210 2766 ritoque
222 2671 391 2741 laudatam
405 2697 521 2742 vocem
535 2671 660 2742 edidit:
674 2702 690 2737 α
705 2673 832 2761 Amici,
846 2672 933 2741 diem
949 2653 1090 2767 perdidi.
1107 2703 1123 2739 u

81 2791 247 2888 Populum
268 2794 303 2861 iu
327 2794 443 2888 primis
471 2794 662 2862 universum
687 2807 779 2862 tanta
803 2818 863 2888 per
888 2817 1001 2862 omnes
1027 2818 1122 2862 occa-

82 2917 187 2984 siones
207 2916 365 2996 comitate
383 2915 554 3002 tractavit,
574 2928 630 3002 ut,
647 2915 821 3008 proposito
836 2911 1033 3008 gladiatorio
1049 2937 1122 2980 mu-

80 3059 179 3122 nere,
211 3063 230 3099 c
256 3059 325 3104 non
346 3033 388 3102 ad
408 3059 526 3119 suum,
553 3032 608 3103 sed
629 3033 672 3102 ad
696 3035 917 3127 spectantium
946 3033 1123 3102 arbitrium

81 3155 251 3225 editurum
279 3180 330 3245 se,
352 3185 369 3221 s
394 3154 561 3250 professus
588 3157 640 3224 sit.
667 3157 710 3223 Et
738 3153 837 3248 plane
860 3155 905 3222 ita
927 3152 1015 3222 fecit.
1036 3154 1123 3224 Nam

79 3301 190 3370 neque
210 3277 347 3371 negavit
362 3277 540 3369 quicquam
558 3275 762 3370 petentibus3
782 3289 814 3343 et
830 3289 882 3362 ut,
900 3299 973 3368 quae
988 3273 1125 3364 vellent,

78 3412 253 3488 peterent,
277 3395 374 3466 ultro,
389 3395 586 3465 adhortatus
605 3410 665 3465 est.
685 3397 778 3486 Quin
797 3409 830 3488 et
850 3395 1000 3464 studium
1018 3421 1126 3466 arma-

79 3533 162 3586 turae
181 3519 346 3586 Threcum
366 3541 434 3613 prae
450 3541 485 3586 se
502 3517 629 3606 ferens,
646 3541 732 3612 saepe
749 3541 826 3586 crim
845 3514 972 3612 populo
993 3530 1026 3584 et
1045 3542 1125 3585 voce
1244 3509 1255 3530 ‘

76 3655 108 3706 et
120 3655 239 3733 gestu,
249 3654 288 3708 ut
304 3639 424 3728 fautor,
435 3637 607 3708 cavillatus
621 3653 685 3736 est3
699 3662 814 3706 verum
830 3639 1002 3731 majestate
1015 3636 1125 3721 salva,

73 3785 135 3828 nec
154 3761 269 3828 minus
298 3760 460 3853 aequitete.
481 3762 535 3830 Ne
561 3758 642 3853 quid
669 3756 901 3854 popularitatis
927 3759 1124 3852 pretermit-

73 3895 182 3968 teret,
214 3865 453 3973 nonnunquam
483 3881 518 3947 in
550 3879 687 3948 thermis
724 3880 811 3966 suis,
839 3877 979 3946 admissa
1007 3875 1124 3970 plebe,

69 3993 169 4069 lavit.
191 3999 356 4089 Quadam
375 4001 437 4069 sub
453 3985 650 4070 eo'fortuita
667 4023 705 4068 ae
723 3999 829 4068 tristia
849 3997 1042 4067 acciderunt
1060 4023 1068 4066 ε
1088 4013 1125 4065 ut

68 4120 301 4214 conflagratio
320 4123 439 4190 Vesevi
462 4122 584 4190 montis
607 4122 640 4188 in
661 4119 861 4215 Campania3
882 4132 914 4186 et
936 4117 1125 4188 incendium
