3108 5434
378 480 383 488 ’
407 510 460 578 ιη
812 511 842 564 e.
866 509 1040 565 sunrouu

403 635 582 720 Libonem,
604 659 645 702 ne
666 634 748 727 quid
766 635 800 701 in
818 635 966 702 novitate
983 633 1131 702 acerbius
1155 635 1269 722 lieret,
1294 635 1443 702 secundo

283 744 290 762 ⁴
404 753 538 822 demum
557 777 645 822 anno
665 755 699 822 in
715 769 831 823 senatu
848 755 1017 848 coarguit,
1036 752 1147 822 medio
1160 755 1318 848 temporis
1333 756 1443 848 spatio

405 889 533 942 tantum
549 897 665 942 cavere
680 886 867 942 contentus.
883 875 971 943 Nam
989 888 1023 941 et
1041 875 1128 942 inter
1150 873 1322 968 pontifices
1340 875 1444 944 sacri·

405 995 516 1064 licenti
530 993 628 1064 simul
647 1019 709 1090 pro
727 996 885 1088 secespita
900 993 1093 1088 plumbeum
1107 992 1252 1064 cultrum
1268 995 1446 1088 subjicien-

405 1113 485 1184 dum
507 1116 637 1183 curavit
659 1139 667 1182 ε
690 1129 723 1183 et
750 1131 913 1184 secretum
942 1115 1090 1208 petenti,
1118 1139 1187 1182 non
1208 1115 1272 1182 nisi
1291 1111 1444 1183 adhibito

405 1237 516 1304 Druso
531 1233 620 1324 filio,
637 1233 728 1304 dedit
743 1259 751 1302 :
766 1234 982 1327 dextramque
999 1232 1259 1321 obambulantis,
1273 1231 1377 1302 veluti
1391 1233 1444 1302 in-

406 1356 579 1442 cumbens,
597 1355 709 1449 quoad
730 1369 942 1449 perageretur
960 1379 1085 1440 senno,
1104 1354 1278 1423 continuit.

452 1479 576 1545 xxvi.
594 1479 719 1546 Verum
740 1473 898 1544 liberatus
915 1489 1025 1562 metu,
1046 1472 1174 1543 civilem
1193 1473 1372 1542 admodum
1392 1476 1445 1541 in·

407 1608 457 1664 ten
476 1596 591 1682 initia,
612 1621 650 1663 ac
668 1593 893 1688 paulominus
910 1619 1010 1686 quam
1026 1595 1192 1687 privatum
1209 1594 1285 1687 egit.
1303 1597 1353 1661 Ex
1368 1591 1445 1686 plu-

407 1714 497 1781 rimis
515 1715 731 1805 maximisque
751 1713 952 1800 honoribus,
972 1727 1091 1806 praeter
1106 1737 1229 1806 paucos
1243 1727 1276 1780 et
1292 1711 1444 1780 modicos

407 1856 474 1900 non
499 1833 634 1924 recepit.
658 1829 811 1899 Natalem
832 1856 948 1917 suum,
971 1829 1107 1924 plebeiis
1125 1833 1348 1899 incurrentem
1366 1832 1444 1900 Cir-

408 1951 579 2038 censibus,
594 1950 650 2016 vix
666 1951 764 2018 unius
780 1951 863 2044 bigae
879 1950 1062 2043 adjectione
1078 1951 1234 2018 honorari
1252 1975 1366 2043 passus
1380 1965 1442 2018 est.

407 2065 562 2164 Templa,
588 2069 757 2159 flamines,
778 2069 963 2142 sacerdotes
994 2069 1126 2138 decerni
1153 2070 1213 2138 sibi
1239 2070 1442 2164 prohibuit:

408 2191 507 2258 etiam
524 2204 646 2260 statuas
662 2207 761 2284 atque
778 2195 950 2288 imagines,
968 2189 1031 2258 nisi
1045 2192 1255 2284 permittente
1269 2211 1317 2276 se,
1336 2192 1416 2284 poni
1434 2217 1442 2259 :

409 2311 624 2403 permisitque
636 2335 674 2379 ea
689 2311 760 2381 sola
776 2313 983 2402 conditione,
1002 2335 1044 2384 ne
1061 2311 1148 2382 inter
1164 2310 1337 2380 simulacra
1354 2315 1446 2380 Deo-

409 2453 505 2517 rum,
521 2430 579 2498 sed
595 2432 680 2500 inter
695 2447 891 2504 ornamenta
905 2435 1041 2523 tedium,
1057 2446 1269 2530 ponerentur.
1286 2435 1446 2500 Interces-

410 2548 452 2616 sit
476 2564 523 2637 et,
547 2574 614 2644 quo
639 2554 748 2620 minus
774 2555 808 2620 in
834 2570 905 2623 acta
927 2579 985 2623 sua
1005 2556 1189 2648 juraretur,
1209 2569 1242 2622 et
1260 2579 1302 2622 ne
1318 2553 1445 2622 mensis

410 2670 607 2762 september,
620 2671 788 2760 Tiberium
801 2675 947 2760 october,
962 2675 1077 2743 Livius
1092 2687 1298 2742 vocarentur.
1310 2677 1446 2742 Praeno-

410 2813 483 2856 men
498 2813 629 2884 quoque
643 2816 892 2882 turannroms,
901 2819 1150 2889 cognomenque
1163 2817 1283 2866 narnis
1292 2814 1445 2882 aarum,

410 2922 442 2976 et
461 2911 599 2978 civicam
624 2913 658 2979 in
685 2909 845 2984 vestibulo
866 2939 1023 2985 coronam
1042 2919 1215 2985 remiserit.
1241 2920 1288 2987 Ac
1311 2941 1352 2985 ne
1376 2940 1446 2986 nu·

410 3051 507 3098 GUsTt
530 3030 664 3121 quidem
687 3057 822 3122 nomen,
845 3059 1046 3129 quamquam
1070 3036 1325 3124 hereditarium,
1342 3034 1445 3121 ullis,

411 3147 472 3214 nisi
491 3146 533 3216 ad
551 3175 642 3243 reges
661 3175 699 3220 ac
719 3152 885 3246 dynastas,
902 3155 1047 3250 epistolis
1064 3153 1200 3225 addidit.
1215 3159 1285 3226 Nec
1300 3155 1446 3248 amplius

411 3289 510 3356 quam
531 3293 607 3336 mox
631 3284 697 3343 nes
721 3257 930 3362 consulatus,
950 3299 1054 3342 unum
1075 3275 1189 3368 paucis
1209 3275 1337 3362 diebus,
1357 3273 1446 3342 alte-

412 3408 486 3452 rum
500 3387 605 3456 tribus
616 3392 795 3480 mensibus,
812 3397 946 3463 tertium
960 3395 1075 3462 absens
1085 3419 1189 3486 usque
1202 3396 1236 3461 in
1251 3393 1324 3462 idus
1338 3395 1446 3463 maias

411 3507 519 3596 gessit.

458 3627 598 3694 XXVII.
619 3628 834 3701 Adulationes
852 3632 933 3700 adeo
951 3647 1117 3702 aversatus
1135 3649 1200 3721 est,
1219 3650 1257 3702 nt
1273 3636 1446 3705 neminem

411 3757 618 3831 senatorum,
646 3764 704 3816 aut
732 3749 832 3818 officii
858 3765 917 3820 out
944 3753 1066 3846 negotii
1095 3778 1210 3839 causa,
1231 3755 1272 3822 ad
1292 3754 1446 3825 lecticam

411 3885 503 3930 suam
520 3863 703 3952 admiserim
720 3869 924 3939 consularem
941 3896 1018 3940 vero
1036 3873 1286 3943 satisfacientem
1305 3875 1388 3963 sibi,
1405 3903 1447 3946 ac

410 4005 469 4075 per
493 3999 598 4077 genua
626 4007 931 4078 orare-conantem,
959 3994 1004 4060 ita
1030 3993 1219 4087 suffugerit,
1246 4013 1284 4064 ut
1310 3998 1447 4068 caderet

409 4105 544 4194 supinus
565 4132 571 4172 :
592 4121 689 4200 atque
707 4111 824 4186 etiam,
844 4113 869 4178 si
889 4114 967 4204 quid
988 4117 1019 4180 in'
1040 4139 1205 4199 sermone,
1228 4114 1278 4184 vel
1303 4120 1336 4185 in
1363 4145 1446 4185 coii-
