3114 5446
516 509 710 566 CLAUDIUS.
815 549 816 554 κ
1071 513 1126 572 205

106 636 155 728 jus
173 647 317 722 motum,
342 646 376 702 et
401 631 565 716 habitum,
594 647 628 701 et
651 635 810 702 incessum
843 635 1041 726 imitaretur,
1066 639 1128 706 mi·

110 753 220 838 sellus3

264 921 356 998 Ᾰτυχιῑ
371 929 436 982 πάνυ
456 929 479 980 tr
497 931 546 994 soi<
562 924 703 989 σπουδαίοις
720 931 780 983 λίαν’
806 919 814 924 ’

112 1119 161 1187 nbi
180 1143 251 1187 non
269 1117 435 1186 aberravit
449 1115 518 1212 ejus
533 1115 676 1204 animus,
694 1115 769 1185 satis
778 1113 1130 1214 apparetsir'iepoxfic

112 1236 197 1309 cirris
209 1228 386 1320 εὖγὲνειω
401 1238 485 1304 Item
501 1237 605 1306 tertiis
620 1234 754 1304 litteris:
771 1237 961 1306 «Tiberium
978 1253 1130 1331 nepotem

113 1373 201 1427 tuum
220 1355 351 1451 placere
365 1355 446 1424 mihi
461 1353 696 1424 declamantem
714 1356 871 1448 potuisse,
888 1381 1036 1449 peream,
1057 1359 1130 1444 nisi,

113 1503 177 1546 nea
198 1478 315 1565 Livia,
338 1475 494 1545 admiror.
519 1475 606 1544 Nam
633 1474 690 1566 qui
713 1487 780 1542 tam
808 1471 937 1560 ἆσαφῶς
966 1475 1131 1568 loquatur,

114 1599 162 1690 qui
182 1596 304 1691 possit,
324 1618 427 1687 quum
444 1591 625 1678 declamat,
641 1601 746 1680 σαφῶς
762 1593 885 1678 dicere,
905 1619 978 1688 quae
993 1594 1132 1663 dicenda

114 1731 198 1802 sunt,
220 1739 289 1783 uon
307 1709 442 1780 video.»
459 1713 530 1782 Nec
551 1689 689 1780 dubium
706 1726 766 1799 est,
786 1714 871 1805 quin·
884 1727 958 1806 post
976 1713 1046 1782 haec
1063 1715 1131 1782 Au·

115 1849 223 1928 gustus
242 1831 465 1915 constituerit,
486 1844 518 1902 et
535 1829 704 1924 reliquerit
725 1855 799 1899 eum
815 1829 924 1916 nullo,
940 1845 1058 1924 praeter
1074 1855 1133 1898 au-

117 1951 233 2046 guralis
253 1949 446 2037 sacerdotii,
463 1950 590 2019 honore
613 1949 832 2043 impertitum,
854 1974 892 2018 ac
915 1969 957 2028 ne
979 1947 1133 2018 heredem
1253 1971 1255 1975 ·

116 2069 260 2163 quidem,
287 2069 349 2137 nisi
377 2069 463 2136 iuter
483 2070 595 2136 tertios
614 2091 658 2136 ac.
680 2093 771 2161 paene
795 2082 980 2155 extraneos,
1001 2080 1133 2161 epacte

118 2203 200 2258 sexta
223 2188 445 2282 nuncuparit,
469 2185 577 2280 legato
603 2211 735 2280 quoque
759 2212 827 2255 non
851 2165 1006 2280 amplius,
1033 2209 1133 2278 quam
1207 2235 1212 2248 .

116 2308 376 2401 octingentorum
393 2305 633 2398 sestertiorum,
652 2321 853 2400 prosecutus

156 2429 199 2495 V.
220 2426 372 2494 Tiberius
390 2438 528 2519 patruus
542 2425 665 2518 petenti
680 2425 821 2494 honores
835 2423 1020 2494 consularia
1037 2447 1135 2494 orna-

116 2559 223 2612 menta
248 2541 378 2612 detulit.
401 2541 466 2612 Sed
498 2543 671 2612 instantius
698 2541 859 2638 legitimos
892 2543 1074 2636 flagitanti,
1100 2541 1134 2609 id

116 2662 218 2731 solum
234 2661 395 2732 codicillis
413 2662 600 2756 rescripsit,
620 2661 875 2755 «Quadraginta
888 2685 1006 2728 aureos
1023 2662 1059 2728 in
1078 2662 1136 2728 Sa·
1236 2685 1240 2691 ·

116 2781 256 2850 turnalia
273 2796 308 2850 et
325 2780 489 2874 Sigillaria
515 2781 640 2850 misisse
653 2782 720 2848 ei.»
736 2783 829 2848 Tunc
845 2779 993 2862 demum,
1010 2777 1137 2870 abjecta
1202 2767 1205 2774 ¹

115 2923 171 2992 spe
187 2899 374 2994 dignitatis,
384 2898 424 2968 ad
434 2901 538 2968 otium
546 2899 722 2984 concessit,
733 2897 832 2967 modo
846 2899 880 2965 in
890 2897 994 2964 hortis
1010 2910 1043 2964 et
1057 2895 1136 2963 sub·
1154 2966 1158 2975 ,

113 3017 255 3102 urbano,
277 3017 378 3086 modo
402 3019 436 3085 in
459 3020 646 3112 Campaniae
664 3042 791 3086 secessu
813 3015 1019 3101 delitescens;
1038 3029 1136 3107 atque

114 3161 151 3204 ex
168 3137 391 3206 contubernio
409 3135 706 3206 sordidissimorum
725 3137 912 3222 homiuum,
931 3159 1029 3227 super
1047 3146 1137 3202 vete·
1244 3181 1248 3190 ·

113 3279 184 3323 rem
198 3257 346 3350 segnitiae
357 3269 485 3340 notam,
501 3255 668 3324 ebrietatis
683 3278 814 3348 quoque
830 3268 863 3322 et
879 3252 957 3322 aleae
970 3251 1138 3320 infamiam

113 3375 225 3444 subiit.
675 3377 677 3384 “

159 3495 219 3562 vt
238 3493 353 3581 Quum
367 3493 512 3580 interim,
522 3517 721 3586 quamquam
736 3494 799 3562 hoc
811 3491 909 3562 modo
922 3469 1047 3586 agenti,
1060 3515 1141 3558 nun·

111 3635 213 3703 quam
232 3627 296 3682 aut
307 3611 452 3681 officium
463 3613 649 3699 hominum,
667 3627 725 3681 aut
742 3613 923 3680 reverentia
941 3609 1068 3705 publica
1088 3608 1141 3676 de-

110 3727 185 3797 luit.
206 3735 368 3823 Equester
390 3731 473 3800 ordo
491 3731 542 3799 bis
570 3745 747 3824 patronum
765 3755 839 3800 eum
862 3728 1061 3824 perferendae
1078 3750 1139 3820 pro

109 3872 143 3914 se
156 3848 335 3944 legationis
350 3848 448 3944 elegit
467 3876 475 3917 :
493 3850 606 3932 semel,
625 3875 727 3944 quum
741 3847 978 3943 deportandum
996 3851 1135 3916 Romam

106 3991 235 4061 corpus
252 3971 390 4064 Augusti
409 3971 553 4039 humeris
573 3971 640 4039 suis
659 3995 679 4038 a
697 3969 885 4038 consulibus
905 3979 1139 4060 exposcerent3

108 4085 255 4174 iterum,
271 4113 374 4180 quum
394 4113 585 4182 oppressum
599 4089 752 4182 Sejanum
774 4087 862 4183 apud
878 4085 1009 4154 eosdem
1027 4097 1138 4178 gratu·
