3108 5434
401 511 437 562 7²
804 492 834 546 C.
856 491 1029 547 SUE'PONII

400 614 464 684 nisi
483 613 622 683 confessi
646 614 835 682 afficiuntur
864 614 927 681 hac
946 637 1058 706 poena,
1088 611 1133 678 ita
1158 609 1261 678 fertur
1289 609 1431 676 iuterro-

403 757 495 826 gesse
515 736 657 803 :uCerte
679 747 808 826 patrem
830 747 926 801 tuum
949 755 1016 800 non
1043 727 1237 798 occidistiln
1253 731 1298 796 Et
1323 751 1429 819 quum

404 849 445 918 de
461 849 542 920 falso
560 865 756 920 testamento
775 863 943 945 ageretur,
959 849 1139 941 omnesque
1158 849 1339 940 signatores
1358 844 1431 939 lege

403 967 556 1038 Cornelia
580 983 788 1056 tenerentur,
807 991 875 1037 non
894 981 1022 1036 tantum
1052 966 1133 1036 duas
1158 963 1311 1052 tabellas,
1334 963 1428 1036 dam-

405 1091 565 1156 natoriam
587 1101 621 1156 et
642 1086 892 1176 absolutorium,
919 1083 1015 1156 simul
1033 1085 1304 1178 cognoscentibus
1324 1082 1432 1168 dedit,

405 1205 460 1274 sed
480 1207 610 1275 tertiam
630 1231 781 1300 quoque,
798 1230 864 1298 qua
885 1207 1109 1300 ignosceretur
1129 1205 1187 1290 iis,
1207 1227 1290 1296 quos
1315 1201 1432 1270 fraude

404 1323 445 1393 ad
465 1325 663 1419 signandum
680 1325 731 1394 vel
750 1348 862 1394 errore
884 1323 1034 1392 inductos
1051 1324 1257 1392 constitisset.
1279 1317 1432 1414 Appella-

405 1444 511 1512 tiones
532 1445 709 1534 quotannis
739 1443 940 1512 urbanorum
966 1441 1099 1536 quidem
1124 1439 1327 1535 litigatorum
1345 1464 1431 1533 prae·

405 1559 493 1631 fecto
520 1560 681 1656 delegavit
709 1560 827 1647 Urbis;
856 1575 891 1629 at
922 1558 1172 1654 provincialium
1204 1556 1433 1627 consularibus

407 1680 501 1766 viris,
519 1705 603 1773 quos
619 1677 765 1774 singulos
785 1679 947 1772 cujusque
962 1679 1138 1773 provinciae
1149 1678 1286 1770 negotiis
1300 1699 1432 1770 praepo-

408 1821 532 1868 suisset.
652 1847 653 1852 η

454 1919 611 1988 XXXIV.
638 1921 743 2013 Leges
768 1919 977 2004 retractavit,
999 1932 1031 1986 et
1059 1915 1217 2009 quasdam
1236 1942 1275 1984 ex
1302 1917 1435 2008 integro

408 2037 533 2123 sanxit,
548 2050 586 2104 ut
597 2037 851 2133 sumptuariam,
867 2035 908 2104 de
921 2033 1090 2103 adulteriis
1105 2049 1138 2103 et
1151 2033 1192 2102 de
1207 2033 1378 2127 pudicitia,
1390 2033 1434 2102 de

408 2153 552 2240 ambitu,
572 2154 613 2222 de
629 2153 818 2226 maritandis
833 2153 1013 2224 ordinibus.
1033 2158 1127 2222 Hauc
1142 2178 1245 2247 quum
1264 2151 1437 2246 aliquanto

409 2273 554 2340 severius
569 2297 668 2366 quam
691 2288 815 2348 ceteras
839 2271 1057 2359 enmudasset,
1080 2297 1147 2366 prae
1169 2270 1315 2341 tumultu
1337 2297 1436 2340 recu-

410 2392 552 2460 santium
572 2391 715 2484 perserre
730 2417 797 2460 non
814 2393 938 2485 potuit,
956 2391 1018 2459 nisi
1037 2389 1191 2484 adempta
1209 2390 1342 2458 demum
1357 2389 1440 2458 leni-

412 2522 483 2578 tave
492 2524 585 2602 parte
601 2533 784 2603 poenarum,
797 2525 831 2578 et
839 2511 1008 2579 vacatione
1017 2509 1151 2576 triennii
1161 2508 1236 2577 datu
1243 2533 1255 2597 ,¹
1263 2484 1440 2602 auctisque

410 2629 562 2722 praemiis.
572 2628 625 2698 Sic
637 2653 769 2721 quoque
786 2627 999 2698 abolitionem
1015 2629 1087 2721 ejus
1103 2626 1235 2720 publico
1247 2625 1440 2721 spectaculo

409 2749 620 2840 pertinaciter
637 2746 826 2840 postulante
849 2748 979 2840 equite,
1001 2748 1123 2815 accitos
1146 2747 1337 2816 Germanici
1355 2745 1441 2815 libe-

410 2891 480 2955 ros,
497 2881 710 2960 receptosque
724 2869 844 2960 partim
856 2866 899 2936 ad
912 2891 961 2952 se,
971 2867 1092 2960 partim
1102 2868 1135 2933 iu
1148 2865 1249 2960 patris
1261 2866 1440 2959 gremium,

409 2987 603 3074 ostentavit3
621 3010 722 3054 manu
749 2983 909 3078 vultuque
933 2983 1138 3077 significans,
1157 3008 1199 3052 ne
1219 2997 1442 3078 gravarentur

410 3103 531 3172 imitari
540 3105 670 3198 juvenis
687 3102 880 3198 exemplum.
892 3103 1072 3196 Quumque
1085 3103 1184 3170 etiam
1200 3103 1441 3174 immaturitate

412 3246 625 3314 sponsarum,
646 3238 680 3292 et
702 3223 989 3291 matrimoniorum
1008 3219 1123 3289 crebra
1143 3221 1347 3307 mutatione,
1369 3221 1441 3288 vim

411 3339 491 3436 legis
507 3341 595 3411 eludi
608 3343 759 3429 sentiret,
778 3356 909 3434 tempus
925 3364 1061 3436 sponsas
1073 3339 1216 3414 habendi
1237 3342 1444 3428 coarctavit,

413 3457 560 3530 divortiis
579 3459 716 3529 modum
725 3461 892 3553 imposuit.
1377 3533 1380 3538 ,

459 3583 596 3650 XXXV.
621 3581 815 3647 Senatorum
835 3578 1024 3648 affluentem
1043 3605 1220 3652 numerum
1246 3580 1386 3649 deformi
1410 3595 1448 3648 et

413 3696 582 3765 incondita
600 3697 698 3764 turba
712 3697 826 3792 (erant
843 3699 931 3765 euim
947 3723 1046 3792 super
1067 3696 1172 3786 mille,
1190 3713 1224 3767 et
1241 3698 1378 3792 quidam
1392 3700 1448 3767 in-

413 3814 612 3908 dignissimi,
634 3830 667 3882 et
685 3829 759 3908 post
778 3841 892 3886 necem
908 3818 1044 3886 Caesaris
1062 3841 1122 3910 per
1145 3818 1285 3910 gratiam
1303 3832 1338 3886 et
1358 3843 1449 3912 prae-

414 3935 518 4002 mium
534 3932 657 4024 allecti,
671 3958 754 4026 quos
770 3936 912 4003 Orcinos
927 3932 1047 4028 vulgus
1064 3935 1231 4029 vocabat),
1247 3934 1290 4003 ad
1306 3935 1452 4004 modrnn

418 4050 592 4137 pristinum
621 4065 655 4118 et
681 4048 889 4142 splendorem
916 4051 1040 4144 redegit
1068 4052 1195 4122 duabus
1222 4052 1451 4124 lectionibus:
