3138 5438
420 491 603 550 OCTAVIUS
627 497 826 556 AUGUSTUS.
1091 505 1127 560 63

107 633 215 678 mrsus
229 623 304 702 post
318 609 464 683 Siculum
477 613 613 686 bellum.
624 619 763 690 Curules
774 615 959 717 triumphos
970 641 1035 695 tres
1045 629 1127 720 egit,

106 725 340 816 Dalmaticum,
356 730 542 819 Actiacum,
556 732 831 824 Alexandrinum,
846 743 1003 812 continuo
1017 745 1127 814 triduo

106 871 225 915 ornnes.

147 968 274 1036 xxm.
298 969 424 1038 Graves
448 970 642 1064 ignominias
669 972 840 1072 cladesque
864 977 945 1048 duas
974 983 1126 1066 omnino,

107 1109 162 1152 nec
179 1082 260 1152 alibi
280 1111 381 1179 quam
398 1089 432 1156 in
452 1092 647 1176 Germania,
666 1095 807 1186 accepim
820 1095 1001 1166 Lollianam
1016 1113 1048 1168 et
1062 1103 1127 1170 Va·

107 1205 231 1272 rianmn
250 1230 258 1274 ε
278 1204 336 1274 sed
360 1205 542 1298 lollianam
570 1210 702 1303 majoris
728 1211 887 1300 infamis,
907 1239 1004 1306 quam
1027 1217 1127 1286 detri-

106 1323 225 1409 mati3
243 1325 422 1394 Varianam
448 1323 542 1419 ¹paene
568 1326 783 1414 exitiabilem,
815 1331 920 1400 tribus
945 1332 1127 1428 legionibus

104 1463 178 1508 com
195 1440 283 1508 duce
301 1441 477 1536 legatisque
490 1459 524 1513 et
539 1443 669 1514 auxiliis
680 1427 941 1520 omnibuscaesis.
959 1455 1029 1520 Hac
1042 1479 1126 1523 nnn-

106 1560 194 1644 tiata,
225 1561 381 1631 excubias
404 1587 464 1654 per
483 1564 608 1634 Urbem
632 1563 768 1652 indixit,
795 1569 934 1660 nequis
965 1571 1127 1642 tumultus
1169 1607 1171 1612 ’

103 1679 282 1750 existeret:
306 1694 339 1748 et
358 1680 550 1778 presidibus
577 1685 821 1776 provinciarum
844 1691 1038 1780 propagavit
1063 1693 1124 1760 im·

102 1799 248 1889 perium
266 1812 306 1868 ut
327 1813 361 1868 et
381 1824 402 1868 a
423 1801 535 1893 peritis
552 1815 586 1874 et
606 1805 742 1874 assuetis
765 1805 845 1876 socii
869 1808 1124 1880 continerentur.

102 1918 202 1990 Vovit
213 1931 251 1988 et
267 1941 403 2013 magnos
424 1917 519 1988 ludos
535 1922 609 1994 Jovi
623 1922 761 2015 Optimo
775 1923 937 2013 Maximo,
956 1950 987 1996 er
1005 1951 1127 2000 sassu-

102 2059 199 2108 smcs
226 2059 267 2108 m
294 2061 479 2111 memorans
500 2062 638 2113 srarou
658 2065 838 2114 rasmsssr
857 2069 866 2111 ε
885 2044 973 2137 quod
1003 2047 1125 2118 factum

100 2157 261 2228 cimbrico
285 2158 489 2251 marsicoque
507 2156 594 2228 bello
611 2174 691 2232 erat.
712 2158 804 2234 Adeo
821 2161 960 2256 deniqne
978 2179 1124 2236 conster-

100 2289 218 2347 natum
235 2274 363 2361 ferunt,
381 2290 421 2346 ut
436 2300 496 2370 per
512 2276 687 2346 continuos
706 2303 851 2367 menses,
870 2281 972 2352 barba
990 2283 1124 2377 capillo·

99 2419 164 2487 qne
179 2396 373 2480 summisso,
391 2409 488 2488 caput
506 2393 671 2466 interdum
689 2395 814 2468 foribus
832 2397 988 2488 illideret,
1004 2403 1125 2474 recise·

98 2537 177 2584 rans
197 2537 206 2584 z
225 2511 389 2602 Quinetili
409 2516 516 2600 Vere,
539 2512 682 2608 legiones
704 2513 817 2584 redde!
839 2518 1001 2610 Diamque
1022 2519 1125 2592 cladis

97 2633 280 2724 quotannis
296 2645 450 2705 namnum
469 2632 620 2705 habuerit
638 2655 676 2700 ac
689 2630 873 2726 lugubrem.

143 2753 274 2824 xxlv.
291 2753 331 2821 In
349 2775 384 2820 re
402 2749 535 2823 militari
553 2765 587 2822 et
606 2751 822 2825 commutavit
839 2751 960 2840 multe,
980 2769 1013 2822 et
1030 2756 1124 2826 insti·

96 2872 163 2940 tuit
181 2894 193 2938 τ
214 2883 311 2961 atque
327 2870 424 2940 etiam
442 2868 485 2941 ad
501 2869 672 2962 antiquum
696 2893 820 2940 morem
841 2869 1002 2942 nonnulla
1026 2898 1122 2946 revo-

93 2990 201 3058 cavit.
222 2987 433 3082 Disciplinam
454 2989 655 3062 severissime
667 2989 750 3058 rexit
768 3011 837 3058 :ne
854 2988 1038 3084 legatorum
1050 2995 1123 3086 qui-

93 3108 175 3181 dem
199 3109 370 3198 cuiquam,
389 3109 452 3178 nisi
476 3122 623 3202 gravate,
650 3107 859 3201 hibernisque
879 3108 1012 3187 demum
1038 3136 1124 3182 men-

1 3249 2 3252 *
91 3229 215 3312 sibus,
229 3228 373 3320 permisit
388 3251 524 3298 uxorem
549 3227 746 3296 intervisere.
765 3229 918 3320 Equitem
933 3253 1122 3316 romanum,

91 3345 192 3442 quod
213 3345 338 3433 dnobm
355 3344 430 3416 filiis
447 3344 721 3432 adolescentibus,
741 3369 838 3418 causa
857 3344 1058 3423 detrectandi
1071 3373 1120 3421 sa·

90 3465 279 3550 crementi,
296 3462 427 3558 pollices
440 3477 660 3557 amputasset,
683 3465 789 3556 ipsum
810 3464 961 3556 bonaque
982 3467 1119 3559 subjecit
1144 3503 1146 3506 ·

91 3585 205 3658 hant!
222 3609 230 3650 :
248 3607 344 3675 quem
358 3597 486 3667 tamen,
505 3581 595 3674 quod
611 3583 779 3652 imminere
796 3584 954 3674 emptioni
974 3581 1118 3675 publice-

89 3729 154 3772 nos
174 3700 330 3790 videbat,
349 3699 466 3772 liberto
482 3725 542 3770 suo
559 3699 701 3786 addixit,
719 3714 756 3768 ut
774 3697 953 3792 relegatum
971 3702 1004 3768 io
1025 3725 1121 3794 apros

87 3849 154 3917 pro
176 3819 286 3890 libero
307 3845 375 3892 esse
393 3823 522 3892 sineret
550 3820 719 3892 Decimam
744 3817 925 3912 legionem,
950 3833 1120 3916 conturna·

86 3945 165 4012 cius
195 3955 386 4033 parentem,
418 3963 494 4010 cum
524 3939 703 4032 ignominia
729 3951 832 4009 totam
865 3936 1016 4004 dimisit:
1042 3937 1117 4004 item

85 4059 193 4144 alias,
208 4058 396 4130 imnmdeste
414 4057 598 4132 missionem
614 4054 831 4148 postulantes,
850 4055 930 4122 citra
948 4053 1117 4124 commoda
