3208 5430
458 481 514 535 aas
561 542 566 554 .
919 465 1033 542 notun

358 585 363 592 ’
455 593 654 668 suffragiisque
676 595 821 664 valuisset,
841 597 921 669 quod
942 597 995 654 sibi
1016 600 1186 670 conjunctu
1209 614 1237 658 et
1258 605 1445 664 familiaritate
1458 624 1479 665 et

454 685 658 742 necessitudine
676 685 821 760 legationis
834 686 958 744 nisus.

495 777 675 853 Compimeit.
691 778 765 846 cie,
779 779 906 854 Philipp.
922 799 993 851 nst,
1012 782 1047 837 16
1063 801 1070 836 ι
1087 785 1169 840 uSer.
1183 786 1304 842 Galbam
1317 789 1420 846 eodem
1434 811 1481 866 pu.

452 869 537 944 gione
555 870 731 925 succinctum
743 869 773 924 iu
785 871 883 925 castris
901 871 1010 928 videtis.
1029 896 1039 920 ι.

491 961 582 1016 Pedia
596 963 667 1034 lege.
682 962 725 1014 De
746 979 804 1033 qua
817 961 883 1017 vide
900 964 1024 1030 Neron,
1042 984 1087 1020 ιιι.
1567 1025 1568 1028 ,

491 1055 657 1110 Facultatis.
671 1055 756 1109 Hunc
770 1063 865 1108 tamen
885 1057 1041 1130 eloquentia
1060 1059 1167 1112 clarum
1181 1059 1250 1116 dicit
1271 1063 1416 1130 Macrob,
1430 1065 1478 1120 Sa·
1567 1065 1568 1098 l

453 1160 525 1202 turn.
542 1165 581 1214 ιι,
598 1153 614 1212 4
630 1164 637 1198 :
653 1168 664 1194 ιι
683 1146 717 1198 ln
734 1146 854 1225 Galbam
875 1149 1035 1220 eloquentia
1054 1151 1177 1215 clarum,
1201 1151 1249 1206 sed
1269 1171 1355 1226 quem
1375 1154 1479 1211 babitus

450 1238 580 1312 corporis
602 1237 781 1306 destruebat,
798 1239 838 1290 M.
862 1238 948 1292 Lollii
971 1257 1029 1294 vox
1054 1239 1304 1298 circumferebatur
1320 1264 1327 1298 ι
1341 1247 1478 1319 ingenium

450 1333 546 1388 Galbae
562 1331 635 1385 male
649 1329 768 1384 habitat.
784 1352 796 1379 ι

491 1423 576 1478 Obiit.
593 1423 635 1478 Cf.
651 1425 766 1488 Tacta„
788 1423 914 1486 Annei,
933 1440 978 1490 vs,
997 1429 1041 1487 lo.

488 1517 553 1570 Car.
574 1515 619 1570 tv.
639 1516 730 1570 Notus
743 1523 793 1568 est.
810 1510 975 1584 n.11.751.

489 1607 623 1662 Novem.
638 1608 747 1678 Nempe
762 1604 843 1659 Livia
857 1605 993 1660 Ocellina.
1015 1614 1020 1624 “

487 1708 646 1778 nmquis).
667 1700 712 1756 sl.
726 1708 879 1776 steps-felep-
901 1698 963 1754 Hoc
978 1697 1126 1754 Tiberium
1140 1699 1242 1756 dixisse
1265 1714 1361 1759 namt
1379 1707 1475 1775 Tacit,
1567 1729 1568 1740 ι

449 1795 568 1863 Annei,
582 1811 629 1862 vi,
649 1808 695 1846 ao.

494 1885 669 1940 Pmcuronti.
684 1880 854 1955 Propitianti
867 1899 920 1954 per
932 1882 1155 1954 procurationes.
1177 1887 1297 1956 Seneca,
1317 1905 1357 1957 ιι,
1374 1889 1475 1960 Quoest.

448 1997 488 2046 ιι,
506 1977 541 2034 35
558 1995 565 2030 ε
580 1977 702 2030 «Fatum
716 1972 833 2028 fulmine
846 1973 949 2028 mutari
964 1992 1023 2028 non
1035 1984 1137 2047 potest
1152 1975 1281 2046 Quidni?
1294 1995 1360 2032 nam
1377 1980 1475 2036 fulmen
1567 1997 1568 2046 ξ

446 2068 539 2142 ipsum
552 2068 603 2123 fati
616 2085 681 2140 pars
695 2075 745 2122 est.
759 2064 837 2136 Quid
851 2082 919 2137 ergo
933 2055 1107 2138 expletiones
1121 2068 1406 2145 procurationesque,
1424 2090 1474 2144 quo

446 2161 608 2234 pertinent,
624 2159 646 2214 si
661 2157 848 2213 immutabilia
867 2165 933 2210 sunt
952 2155 1031 2211 fata?
1048 2183 1059 2205 υ

490 2254 653 2308 Obscenum.
672 2251 708 2305 Η.
727 2269 751 2304 e.
769 2249 836 2324 mali
851 2248 959 2304 ominis.
980 2252 1095 2306 Festus:
1111 2251 1222 2324 «Apud
1235 2251 1370 2326 antiquos
1385 2273 1474 2310 omnes

446 2347 504 2402 fere
528 2345 646 2399 obscerm
666 2341 740 2398 dicta
759 2353 839 2411 sunt,
867 2359 930 2415 que
949 2343 1022 2396 moli
1034 2343 1134 2396 omisis
1153 2344 1339 2400 habebantur.
1355 2367 1371 2395 s
1386 2347 1429 2402 De
1448 2367 1473 2402 rc

447 2436 806 2506 ct.1³ua.‚1t.nt,vm,
825 2441 871 2501 ll..
959 2465 961 2470 ·

484 2533 547 2585 en».
568 2531 603 2583 V.
622 2527 781 2584 Sollicitari.
797 2527 831 2580 H.
847 2545 871 2581 e.
888 2525 1062 2598 persuaderi.

484 2625 605 2689 Notata,
618 2639 674 2676 uon
681 2620 845 2692 perscripta.
861 2619 895 2673 Η.
911 2635 935 2673 e.
947 2617 1103 2673 litterarum
1118 2621 1292 2693 compendiis
1307 2627 1471 2695 perstricta,

444 2733 505 2770 non
518 2713 650 2769 omnibus
663 2711 764 2765 litteris
778 2727 918 2781 expressa.

483 2807 606 2861 Summa.
625 2807 655 2858 Α.
673 2803 708 2857 U.
725 2802 792 2872 767,
806 2801 861 2858 ital.
879 2801 936 2872 jan.

484 2901 549 2959 Car.
564 2898 612 2950 Vl.
632 2895 795 2950 Floralium.
814 2895 857 2948 De
871 2879 976 2966 quibus
991 2891 1033 2948 Cf.
1047 2893 1212 2962 Lueriam,
1230 2894 1266 2947 cle
1283 2895 1366 2962 net..
1381 2916 1407 2967 ι,
1422 2916 1473 2952 ao:

443 3017 454 3040 ι
473 2992 559 3047 Flora
582 3006 669 3062 quum
692 3003 807 3058 magnas
830 3002 927 3056 opes...
950 3002 1014 3038 cum
1032 2982 1175 3055 pudendis
1198 2983 1325 3040 motibus
1347 2987 1474 3043 detinen-

443 3095 497 3138 tur.
515 3105 527 3132 ι
543 3083 578 3136 Et
597 3081 713 3146 linurin,
733 3079 798 3131 Ant.
815 3075 914 3141 Rom„
934 3093 961 3140 v,
984 3074 1029 3130 15.

485 3171 612 3240 Proesuit.
626 3174 659 3226 Α.
679 3171 714 3224 U.
731 3167 796 3232 784.

485 3263 675 3320 ordinarium.
691 3253 772 3315 ΑΒ.
789 3256 855 3328 786.
868 3257 1017 3312 Oreisitorii
1028 3257 1197 3312 dicebantur
1216 3261 1348 3316 eonsules
1362 3261 1472 3334 quirat.

439 3359 497 3430 jan.
513 3356 622 3410 inibant
635 3353 775 3407 honorem
789 3359 818 3405 et
831 3367 936 3405 nomen
952 3367 1028 3404 anno
1048 3348 1162 3404 dabant.
1312 3348 1314 3352 ’

484 3449 655 3502 Moderatum.
675 3475 713 3485 -
731 3442 882 3497 Moderati
900 3441 928 3496 h.
942 3441 960 3494 l.
980 3449 1022 3496 est
1040 3437 1175 3495 militibus
1198 3442 1313 3512 praeire,
1336 3461 1474 3516 premon-

440 3553 530 3595 strare
543 3547 639 3593 motus
653 3553 766 3600 onmes,
787 3543 869 3588 scuto
888 3531 1071 3587 decurrentes
1085 3549 1192 3603 regere.

481 3633 545 3687 cn.
560 3632 624 3685 Vll.
643 3626 836 3683 Occasionem.
852 3624 896 3678 Sc.
910 3622 1043 3694 capiendi
1057 3621 1177 3694 imperii.

479 3720 687 3796 Expedittouis.
703 3717 745 3774 Cf.
762 3715 875 3780 cnud„
891 3732 965 3769 xtu-

482 3816 615 3887 Africam.
635 3809 791 3877 Plutarch„
810 3807 840 3861 in
856 3806 956 3870 Galia,
979 3824 1007 3878 p.
1027 3802 1098 3869 1051,
1115 3823 1122 3858 :
1143 3814 1274 3880 Alpesne...
1299 3809 1390 3873 tudine
1413 3817 1479 3866 Μ-

440 3937 518 3976 narse
529 3917 652 3986 γινόμινος
666 3913 707 3965 ebs
721 3911 807 3980 ὀλίγοις
819 3910 980 3964 inesset-inas.

480 4003 544 4056 Car.
566 4001 643 4054 vlu.
664 3992 910 4066 Qut'ndeeimvims.
933 3990 1045 4059 Quibus
1066 3987 1153 4044 sacris
1172 3987 1338 4060 prefuerint
1358 3993 1432 4048 vide
1451 3995 1478 4048 in

442 4097 531 4154 eeu,
548 4107 662 4144 cxxxix.
