3168 5440
253 779 309 867 D.
341 779 503 866 JUNll
534 775 871 867 JUVENALIS
897 775 1059 868 VITA.

579 1072 738 1092 *

134 1253 286 1382 Jmnus
300 1313 507 1400 Juvnnanrs,
527 1307 675 1381 libertini
692 1305 868 1404 locupletis
884 1309 1052 1380 incertum
1072 1307 1179 1401 filius,

134 1457 178 1500 an
195 1429 372 1521 alumnus,
389 1431 432 1502 ad
449 1430 593 1502 mediam
612 1429 681 1500 fere
694 1443 825 1500 aetatern
839 1429 1057 1521 declamavit,
1074 1431 1178 1501 animi

135 1553 242 1648 magis
259 1576 377 1640 causa,
394 1577 496 1646 quam
516 1550 608 1646 quod
621 1549 742 1621 scholae
755 1574 790 1619 se
804 1565 862 1620 aut
876 1551 950 1620 foro
965 1565 1177 1648 prepararet.

133 1672 263 1742 Deinde
289 1696 475 1768 paucorum
495 1695 654 1742 versuum
675 1671 776 1740 satira
793 1696 861 1741 non
879 1669 1023 1742 absurde
1041 1697 1178 1768 compo·

133 1794 197 1862 sita
219 1794 255 1863 in
275 1793 430 1863 Paridem
453 1794 699 1888 pantomimum
722 1806 921 1887 poetamquo
940 1787 1088 1888 [Claudii
1109 1793 1178 1865 Ne-

133 1914 242 2000 ronis,
254 1914 326 2009 ejus
338 1913 553 1984 semestrihus
569 1910 728 1982 militiolis
743 1909 959 2010 tumentem],
974 1937 1079 2007 genua
1099 1913 1179 1982 scri·

133 2050 241 2129 pturae
257 2033 421 2104 industrie
440 2032 596 2104 excoluit.
616 2037 660 2104 Et
675 2048 787 2104 tamen
804 2031 891 2102 bene
907 2031 965 2102 diu
986 2057 1030 2102 ne
1043 2032 1178 2104 modico

131 2155 270 2250 quidem
288 2154 457 2226 auditorio
475 2157 654 2249 quicquam
675 2155 884 2224 committere
902 2167 953 2222 est
968 2177 1077 2222 ausus.
1095 2157 1179 2224 Mox

130 2302 255 2373 magna
269 2276 473 2370 frequentia,
488 2299 678 2370 magnoque
691 2299 843 2344 successu
856 2275 906 2344 his
922 2298 961 2343 ac
979 2288 1030 2343 ter
1044 2273 1179 2344 auditus

130 2413 201 2486 est,
219 2413 257 2468 ut
274 2423 312 2468 ea
328 2423 484 2493 quoque,
501 2421 575 2491 quae
599 2398 707 2491 prima
725 2397 867 2480 lecerat,
888 2394 1056 2465 inferciret
1082 2395 1178 2464 novis

129 2519 265 2614 scriptis
282 2544 291 2588 τ

206 2685 296 2756 Quod
310 2703 371 2742 non
387 2685 458 2742 dant
471 2703 621 2760 proceret,
637 2683 719 2740 dabit
736 2682 860 2739 histrio:
877 2692 908 2738 tu
927 2681 1109 2754 Camerinos,

205 2779 243 2834 Et
260 2779 382 2852 Bareas,
402 2789 434 2834 tu
450 2778 592 2834 nobilium
608 2795 712 2851 magna
731 2775 802 2832 atr-ia
822 2793 912 2832 eruas.

209 2871 358 2929 Prufectos
376 2871 498 2946 Pelopea
515 2871 600 2942 facit,
620 2870 779 2927 Philomela
798 2869 936 2925 tribunos.

122 3027 212 3092 Erat
235 3037 310 3092 tum
333 3023 368 3092 in
390 3021 517 3093 deliciis
541 3021 625 3092 aulae
650 3021 787 3104 histrio;
814 3017 980 3112 multique
1006 3020 1177 3088 lautorum

121 3144 198 3237 ejus
220 3143 371 3237 quotidie
397 3143 680 3238 provehebantur.
707 3142 811 3212 Venit
836 3164 917 3233 ergo
942 3137 1112 3208 luvenalis
1142 3141 1178 3208 in
1298 3179 1306 3197 ·

120 3263 368 3356 suspicionem,
381 3265 478 3358 quasi
490 3277 641 3358 tempora
655 3261 797 3357 figurato
810 3274 961 3329 notasset
980 3285 989 3328 τ
1005 3283 1044 3329 ac
1062 3261 1174 3328 statim

118 3409 188 3478 per
207 3383 373 3452 honorem
405 3383 553 3471 militiae,
580 3405 782 3476 quamquam
811 3381 1060 3476 octogenarius,
1085 3380 1178 3449 Urbe

119 3519 340 3592 summotus,
361 3505 549 3598 missusque
567 3502 609 3571 ad
627 3501 860 3596 praelecturam
883 3500 1050 3586 cohortis,
1070 3501 1105 3569 in
1124 3524 1178 3568 ex-

116 3638 232 3692 trema
245 3624 382 3718 AEgypti
396 3637 491 3718 parte
504 3621 681 3692 tendentis.
696 3621 735 3690 Id
752 3619 907 3716 supplicii
921 3645 1027 3716 genus
1039 3617 1176 3714 placuit,

114 3761 161 3814 ut
178 3744 243 3815 levi
261 3761 361 3840 atque
373 3745 518 3839 joculari
535 3743 657 3814 delicto
672 3769 733 3839 par
745 3757 839 3814 esset.
854 3745 981 3812 Verum
998 3743 1087 3810 intra
1101 3741 1175 3810 bre·

113 3867 298 3935 vissimum
316 3880 449 3960 tempus
468 3887 593 3960 angore
613 3879 647 3933 et
666 3861 763 3933 taedio
782 3863 892 3956 periit.

497 4113 815 4138 *⁶⁸*—
