3108 5434
421 481 478 546 aba
824 483 855 536 C.
876 481 1051 538 SUETONII

422 601 541 676 Flacco
556 617 589 670 et
607 606 644 672 L.
662 605 783 674 Pisone
803 619 933 674 noctem
953 605 1212 696 continuumque
1227 600 1362 670 biduum
1376 625 1441 696 epu·

424 720 523 790 lando
538 719 751 818 potandoque
762 725 961 796 constunsit:
977 745 1118 818 qrrorum
1132 719 1226 792 alteri
1241 722 1367 814 Syriam
1379 746 1442 816 pro

423 842 580 928 vinciam,
597 839 693 912 alteri
711 829 940 937 prefecturam
954 843 1045 912 urbis
1060 841 1232 912 confestim
1246 838 1385 908 detulitc
1400 865 1443 908 co

425 957 544 1029 dicillis
557 985 688 1054 quoquc
703 960 981 1054 «jucundissimos
996 975 1031 1028 et
1043 961 1191 1028 omnium
1204 959 1361 1028 horarum
1377 961 1444 1026 arni-

425 1102 480 1148 cos
492 1106 509 1142 u
526 1079 701 1174 professus.
720 1081 825 1150 Sestio
840 1077 955 1166 Gallo,
973 1078 1147 1148 libidinoso
1164 1103 1203 1146 ac
1215 1076 1355 1171 prodigo
1368 1079 1445 1162 seni,

426 1193 507 1266 olim
523 1195 565 1266 ab
582 1200 731 1294 Augusto
748 1199 927 1293 ignominia
944 1211 1071 1284 notato,
1094 1210 1128 1264 et
1145 1221 1165 1264 a
1184 1219 1219 1264 se
1239 1209 1315 1264 ante
1334 1219 1446 1289 paucos

351 1309 355 1316 ¹
428 1315 498 1384 dies
520 1317 607 1410 apud
627 1331 777 1386 senatum
799 1317 980 1410 increpito,
1002 1340 1128 1386 coenam
1150 1339 1190 1384 ea
1207 1314 1279 1409 lege
1296 1314 1447 1399 condixit,

429 1459 472 1502 ne
489 1434 569 1527 quid
585 1459 625 1503 en
640 1435 878 1504 consuetudine
892 1437 1096 1520 immutaret,
1110 1449 1168 1504 aut
1182 1433 1344 1520 demeret,
1355 1447 1450 1525 utque

430 1552 526 1623 nudis
554 1551 671 1646 puellis
699 1553 960 1626 ministrantibus
991 1567 1183 1624 coenaretur.
1212 1553 1449 1646 Ignotissimum

430 1685 600 1762 quaesturae
615 1669 825 1744 candidatum
839 1671 1048 1747 nobilissimis
1060 1671 1260 1765 anteposuit,
1270 1669 1313 1738 ob
1327 1684 1452 1762 epotam

430 1790 465 1856 in
481 1790 648 1878 convivio,
664 1791 860 1884 propinante
878 1813 933 1874 se,
954 1791 1022 1858 vini
1038 1790 1242 1884 amphoram.
1261 1787 1385 1858 Asellio
1403 1789 1455 1856 Sa·

431 1908 510 1976 bino
523 1909 672 1978 sestertia
679 1908 822 1986 ducenta
831 1909 965 1978 donarit
977 1935 1039 2004 pro
1054 1907 1201 2003 dialogo,
1218 1909 1253 1976 in
1266 1931 1333 2000 qno
1346 1905 1456 1987 boleti,

433 2041 468 2096 et
484 2025 652 2114 ficedula,
668 2041 702 2096 et
721 2041 850 2115 ostreae,
865 2041 898 2096 et
916 2027 1004 2096 turdi
1018 2043 1185 2099 certamen
1200 2025 1386 2098 induxerat.
1398 2027 1460 2095 No·

434 2170 515 2214 vum
531 2143 672 2237 denique
685 2145 830 2218 officium
844 2147 983 2216 instituit
997 2170 1016 2213 a
1032 2145 1269 2240 voluptatibus,
1286 2145 1458 2238 preposito

434 2263 545 2354 equite
564 2288 718 2348 romano,
734 2268 772 2331 T.
794 2265 943 2334 Caesonio
958 2265 1080 2334 Prisco.

481 2383 600 2449 XLIII.
619 2383 752 2450 Secessu
772 2406 851 2451 vero
869 2384 1046 2476 Capreensi
1066 2384 1167 2455 ctiam
1186 2382 1353 2455 sellariam
1370 2407 1462 2452 enco-

436 2502 571 2596 gitavit,
589 2498 699 2570 sedern
717 2525 910 2572 arcanarum
927 2501 1100 2572 libidinum
1117 2528 1125 2570 ε
1144 2505 1179 2573 in
1197 2526 1296 2595 quum
1317 2502 1464 2594 undique

435 2621 609 2712 conquisiti
629 2605 814 2716 puellarum
834 2634 867 2690 et
888 2619 1090 2692 exoletorum
1116 2643 1250 2716 greges,
1271 2621 1467 2692 momtrosi-

435 2763 499 2832 que
514 2740 708 2836 concubitus
722 2756 920 2835 repertores,
932 2765 1015 2833 quos
1025 2742 1182 2838 sptiatnizs
1197 2739 1402 2835 appellabat,
1418 2741 1469 2808 tri·

435 2855 512 2951 plici
532 2861 616 2928 serie
638 2863 791 2946 connexi,
813 2863 956 2933 invicem
971 2862 1168 2940 incestarent
1186 2885 1219 2928 se
1238 2884 1352 2928 coram
1378 2861 1471 2953 ipso,

436 2991 473 3044 ut
490 2994 624 3071 aspectu
644 2980 834 3050 deficientes
854 2980 1006 3052 libidines
1024 2981 1190 3050 excitaret.
1210 2979 1379 3052 Cubicula
1402 2977 1475 3076 plu·

437 3095 582 3164 rifariam
599 3096 757 3192 disposita
773 3098 902 3169 tabellis
917 3125 956 3169 ac
972 3099 1085 3195 sigillis
1104 3099 1397 3170 lasciuissimarum
1413 3101 1477 3194 pic·

438 3228 587 3282 turanum
604 3229 637 3282 et
657 3216 836 3310 figurarum
858 3220 1048 3304 adornavit,
1066 3219 1221 3312 librisque
1240 3218 1479 3313 Elephantidis

438 3331 611 3420 instruxit,
638 3336 750 3402 necui
776 3337 810 3405 in
830 3363 931 3432 opera
959 3337 1084 3406 edenda
1111 3337 1277 3433 exemplar
1302 3341 1481 3433 imperatae

344 3497 349 3510 .
437 3449 578 3517 schema
597 3449 732 3520 deesset.
756 3457 795 3522 Iu
815 3455 904 3524 silvis
925 3481 1056 3550 quoquc
1078 3482 1116 3525 ac
1139 3457 1329 3526 nemoribus
1352 3459 1481 3552 passim

438 3571 607 3638 Venereos
626 3568 715 3639 locos
733 3589 935 3643 commentus
952 3590 1019 3663 est,
1037 3589 1285 3668 prostantesque
1301 3599 1370 3668 per
1384 3592 1487 3646 antra

439 3702 473 3755 et
490 3712 585 3756 cavas
603 3713 720 3784 rupes,
739 3717 780 3761 ex
796 3695 966 3786 utriusque
978 3717 1073 3762 sexus
1088 3694 1191 3788 pube,
1204 3694 1436 3764 Paniscorum
1454 3709 1488 3762 et

440 3807 669 3901 Nympharum
687 3811 821 3880 habitu:
840 3811 1013 3906 palamque
1027 3814 1095 3906 jam
1112 3827 1145 3882 et
1159 3811 1259 3908 vulgo
1274 3816 1429 3884 nomine
1445 3815 1492 3882 in·

442 3923 519 3994 sulae
535 3927 722 4016 abutentes,
745 3932 944 4026 Goprr‘neum
961 3931 1163 4002 dictitabant.

489 4047 607 4114 XLIV.
631 4048 758 4140 Majore
787 4048 894 4118 adhuc
917 4065 950 4119 et
973 4052 1120 4144 turpiore
1141 4050 1274 4119 infamia
1301 4049 1496 4145 flagravit,
