3114 5446
431 507 486 568 sao
832 501 863 556 (L
882 498 1057 556 susanam

430 629 680 725 diesparisan
696 624 834 720 plebem.
849 595 1038 692 rubricavit
1054 621 1232 692 eam
1254 623 1440 719 resumam,

430 737 601 848 gemmatis
621 743 807 841 puppibus,
827 738 1079 834 versicoloribus
1101 739 1204 831 velis,
1225 767 1343 839 magns
1365 747 1441 816 ther.

431 893 560 942 marum
577 879 610 936 et
626 864 815 958 porticuum
828 875 862 930 et
875 857 1094 929 tricliniorum
1110 858 1261 951 laxitate,
1274 887 1444 958 magnaque

433 991 532 1060 etiam
547 986 665 1054 vitium
681 997 713 1054 et
729 979 962 1074 pomiferarum
975 979 1132 1049 arborum
1144 979 1322 1052 varietate:
1338 985 1444 1076 quibus

432 1103 642 1176 discumbens
664 1099 704 1171 de
727 1099 781 1170 die
806 1100 890 1168 inter
909 1097 1027 1166 choros
1049 1121 1087 1166 ac
1104 1100 1336 1194 symphonias,
1362 1101 1446 1172 litora

433 1225 622 1318 Campaniae
647 1231 848 1314 peragraret.
870 1219 910 1286 In
934 1217 1211 1286 exstmrctionibus
1229 1221 1446 1312 praetoriorum

433 1359 534 1436 atque
548 1339 718 1426 villarum,
731 1337 822 1406 omni
840 1337 969 1406 ratione
984 1335 1187 1429 posthabita,
1200 1336 1284 1406 nihil
1300 1352 1367 1408 tam
1384 1339 1447 1409 effi·

434 1486 507 1532 cere
524 1456 797 1552 concupiscebat,
819 1479 919 1547 quam
941 1453 1031 1546 quod
1050 1478 1146 1548 posse
1168 1453 1252 1524 effici
1274 1473 1449 1553 negaretur.

438 1585 480 1650 Et
489 1580 585 1673 jactae
598 1580 709 1670 itaque
719 1573 822 1644 moles
835 1573 951 1642 infesto
964 1596 1003 1642 ac
1018 1572 1182 1666 profundo
1194 1575 1292 1662 mari,
1302 1591 1336 1644 et
1347 1579 1451 1646 excisae

414 1755 421 1764 .
439 1723 539 1793 rupes
548 1696 713 1766 durissimi
727 1692 841 1780 silicis,
851 1707 883 1762 et
893 1692 1000 1785 campi
1013 1691 1180 1762 montibus
1193 1717 1313 1788 aggere
1326 1698 1452 1789 aequati,

345 1883 348 1892 .
437 1833 471 1888 et
482 1813 688 1909 complanata
700 1811 835 1882 fossuris
849 1812 1010 1880 montium
1023 1810 1315 1903 juga,ineredibili
1327 1813 1453 1906 quidem

440 1935 626 2018 celeritate,
647 1955 750 2024 quum
771 1953 869 1998 morae
893 1927 992 2022 culpa
1016 1929 1124 2021 capite
1148 1927 1305 1999 lueretur.
1328 1935 1396 2020 Ac,
1419 1957 1456 2000 ne

442 2052 570 2149 singula
591 2075 799 2137 enumerem,
816 2049 989 2118 immensas
1005 2071 1103 2141 opes,
1124 2061 1296 2142 totumque
1312 2048 1393 2119 illud
1407 2051 1458 2119 Ti-

443 2173 526 2242 berii
551 2171 685 2242 Caesaris
709 2168 808 2236 vicies
834 2191 873 2236 ac
896 2167 1014 2261 septies
1038 2165 1156 2236 millies
1182 2169 1369 2238 sestertium
1396 2193 1458 2237 non

441 2305 511 2362 toto
529 2301 679 2358 vertente
696 2310 784 2356 anno
802 2286 972 2355 absumsit

487 2409 678 2478 XXXVIII.
698 2405 884 2474 Exhaustus
901 2405 1002 2498 igitur
1020 2418 1118 2497 atque
1135 2429 1253 2500 egens,
1271 2403 1313 2474 ad
1333 2405 1462 2500 rapinas

442 2527 608 2598 convertit
623 2525 785 2611 animum,
798 2522 890 2592 vario
907 2537 940 2591 et
954 2523 1207 2615 exquisitissimo
1224 2523 1461 2592 calumniarum

441 2661 474 2716 et
492 2644 683 2714 auctionum
703 2655 735 2710 et
755 2639 964 2735 vectigalium
985 2665 1113 2735 genere.
1134 2643 1300 2736 Negabat,
1320 2643 1400 2736 jure
1421 2645 1466 2710 ci·

441 2766 576 2834 vitatem
598 2785 768 2832 romanam
790 2783 950 2852 usurpare
976 2783 1052 2846 eos,
1075 2785 1218 2852 quorum
1239 2762 1385 2854 majores
1408 2761 1468 2829 sibi

443 2885 647 2979 posterisque
673 2905 744 2948 eam
766 2881 1016 2972 impetrassent,
1042 2879 1103 2946 nisi
1126 2877 1185 2946 lilii
1206 2893 1312 2948 essent
1333 2905 1341 2947 :
1365 2901 1469 2972 neque

443 3005 531 3071 enim
562 2997 703 3092 intelligi
732 2997 851 3066 dehere
873 3011 1025 3092 posteros
1053 2995 1139 3066 ultra
1170 2999 1259 3067 hunc
1288 2997 1435 3092 gradum
1463 3021 1471 3061 ε

445 3117 637 3212 prolataque
651 3117 813 3186 Diuorum
832 3113 910 3184 Iulii
929 3129 962 3184 et
980 3117 1122 3210 Augusti
1139 3114 1343 3209 diplomata,
1366 3131 1406 3184 ut
1422 3139 1474 3182 ve·

446 3253 517 3306 tera
535 3251 569 3304 et
586 3234 750 3322 obsoleta,
770 3233 909 3304 delebat
931 3233 1099 3326 Arguebat
1120 3249 1153 3302 et
1172 3258 1348 3328 perperam
1370 3233 1476 3303 editos

448 3379 583 3432 census,
606 3354 726 3447 quibus
750 3368 861 3447 postea
887 3377 1085 3446 quacunque
1107 3352 1149 3422 de
1170 3377 1270 3423 causa
1290 3355 1478 3448 quicquam

447 3474 639 3543 incrementi
660 3474 854 3542 accessisset.
875 3475 1082 3541 Testamenta
1109 3471 1393 3566 primipilarium,
1420 3473 1478 3566 qui

447 3593 488 3662 ab
516 3593 610 3660 initio
634 3592 840 3686 principatus
865 3591 991 3659 Tiberii
1018 3615 1125 3685 neque
1154 3589 1271 3679 illum,
1299 3617 1419 3686 neque
1449 3617 1483 3660 se

446 3710 598 3778 heredem
617 3707 842 3802 reliquissent,
861 3723 897 3778 ut
918 3711 1046 3804 ingrata
1067 3710 1219 3798 rescidit3
1242 3712 1321 3780 item
1346 3725 1483 3780 cetero·

446 3853 541 3916 rum,
557 3842 595 3896 ut
612 3828 702 3896 irrita
719 3841 752 3896 et
767 3853 868 3914 vana,
887 3851 1099 3922 quoscunque
1116 3830 1191 3922 quis
1210 3829 1338 3898 diceret
1357 3829 1485 3900 herede

446 3949 572 4016 caesare
590 3947 673 4014 nrnri
693 3946 880 4016 destinasse.
901 3949 980 4035 Quo
1002 3963 1092 4018 metu
1114 3951 1255 4041 injecto,
1276 3973 1391 4041 quum
1415 3950 1486 4042 jam

380 4055 382 4060 ¹
447 4078 478 4131 et
495 4065 535 4132 ab
558 4066 677 4158 ignotis
700 4066 786 4133 iuter
806 4063 1001 4154 familiares,
1023 4082 1053 4134 et
1074 4091 1092 4134 a
1113 4067 1303 4158 parentibus
1324 4067 1424 4136 inter
1449 4067 1490 4134 li-
