3108 5434
428 487 465 545 66
826 489 856 546 C.
878 489 1051 548 slm'rotut

427 635 500 681 rum
523 610 681 703 januarii,
712 635 816 704 quum
843 635 940 681 mane
970 638 1030 706 pro
1059 613 1127 680 aede
1155 609 1333 706 Capitolini
1362 615 1452 681 Jovis

426 728 600 825 paululum
618 728 727 800 curuli
751 728 830 799 sella
861 730 1077 824 praesedisset,
1105 731 1232 798 honore
1258 731 1360 816 abiit,
1389 731 1453 800 suf-

426 848 512 918 secto
525 845 590 917 alio
608 848 641 916 in
659 847 768 916 locum
785 873 892 917 suurn.
911 851 980 918 Nec
996 873 1111 917 omnes
1127 851 1256 933 Romu,
1278 849 1335 917 sed
1353 873 1452 940 quar·

426 981 497 1036 tum
515 965 723 1036 consulatum
742 967 776 1034 in
793 967 886 1052 Asia,
900 969 1055 1060 quintum
1078 969 1111 1035 in
1133 965 1238 1035 insula
1262 969 1376 1053 Samo,
1397 993 1452 1036 oc·

425 1098 537 1154 tarum
557 1099 589 1153 et
604 1109 729 1154 nonum
745 1087 931 1153 Tarracone
951 1087 1034 1154 iniit.
1172 1119 1178 1126 ·

470 1206 611 1274 XXVII.
638 1204 897 1272 Triumuiratum
916 1201 1104 1296 reipublice
1123 1201 1359 1272 constituendae
1391 1228 1452 1298 per

424 1323 537 1392 decem
554 1343 659 1390 annos
678 1319 921 1390 administravit
941 1347 949 1388 ε
969 1322 1002 1390 in
1023 1345 1092 1414 quo
1107 1323 1227 1390 restitit
1244 1321 1374 1414 quidem
1390 1321 1452 1390 ali·

424 1440 581 1534 quamdiu
598 1437 749 1533 collegis,
770 1464 811 1508 ne
831 1463 896 1532 qua
917 1439 1010 1508 lieret
1028 1441 1242 1533 proscriptio,
1261 1439 1318 1508 sed
1338 1441 1453 1534 incep-

424 1576 491 1630 tam
510 1573 650 1652 utroque
672 1559 821 1627 acerbius
840 1560 996 1626 exercuit.
1016 1561 1169 1652 Namque
1193 1557 1257 1627 illis
1284 1561 1317 1628 in
1334 1559 1454 1628 multo

424 1701 498 1749 rum
529 1703 614 1774 saepe
641 1702 815 1772 personam
846 1701 905 1772 per
935 1678 1074 1773 gratiam
1099 1693 1132 1748 et
1160 1703 1273 1773 preces
1301 1681 1453 1748 exorabi-

423 1797 525 1884 libus,
547 1795 635 1868 solus
652 1821 773 1892 magno
789 1821 887 1890 opere
905 1797 1092 1880 contendit,
1108 1821 1149 1866 ne
1169 1799 1222 1868 cui
1242 1811 1451 1892 parceretur;

423 1919 680 2013 proscripsitque
702 1917 800 1986 etiam
813 1918 852 1983 C.
864 1915 1043 1984 Toranium
1064 1930 1208 1984 tutorem
1227 1941 1340 2002 suum,
1358 1939 1453 1984 eum·

423 2036 563 2128 dentque
580 2031 739 2128 collegam
757 2033 861 2128 patris
881 2034 931 2101 sui
949 2034 1079 2102 Octavii
1101 2035 1134 2102 in
1151 2033 1315 2102 aedilitate.
1331 2036 1455 2104 Junius

423 2154 621 2226 Saturninus
637 2153 700 2221 hoc
715 2151 855 2245 amplius
869 2151 988 2220 tradit:
1001 2154 1114 2241 Quum
1132 2169 1265 2246 peracta
1283 2156 1454 2248 proscrip-

423 2275 512 2342 tione
537 2275 585 2340 M.
616 2269 761 2364 [epidus
790 2273 825 2339 in
848 2285 964 2340 senatu
991 2285 1176 2340 excusasset
1204 2274 1384 2366 preterita,
1417 2291 1455 2344 rt

423 2415 516 2485 spem
547 2387 728 2459 clementie
752 2389 787 2457 in
815 2404 983 2482 posterum
1012 2388 1154 2476 lecisset,
1182 2392 1339 2482 quoniam
1367 2394 1452 2462 satis

368 2541 371 2547 ·
423 2533 594 2604 poenerum
613 2522 763 2576 exectum
780 2521 881 2592 esset;
898 2507 987 2576 hunc
1004 2507 1168 2576 ediverso
1186 2508 1383 2602 professum,
1403 2512 1455 2580 ito

423 2627 559 2696 modum
578 2651 612 2694 se
629 2624 854 2719 proscribendi
872 2625 1037 2712 statuisse,
1058 2639 1096 2692 ut
1109 2627 1220 2696 omnia
1234 2627 1295 2695 sibi
1313 2625 1457 2720 relique-

421 2747 465 2814 rit
484 2745 596 2816 libera.
616 2748 656 2813 ln
678 2745 773 2837 cujus
792 2758 903 2812 tumen
922 2745 1109 2836 pertinacia
1129 2745 1356 2836 poenitentiam
1376 2771 1458 2840 pos-

422 2880 475 2934 tea
493 2867 531 2932 T.
551 2864 689 2932 Vinium
711 2860 1006 2956 Philopoemenem,
1032 2860 1122 2954 quod
1148 2875 1325 2955 patronum
1348 2887 1456 2934 suurn

421 2975 643 3076 proscriptum
667 2978 788 3048 celasse
807 2977 888 3047 olim
913 2978 1090 3069 diceretur,
1117 2984 1260 3072 equestri
1287 2981 1459 3076 dignitate

420 3099 606 3168 honoravit.
625 3103 665 3166 In
688 3097 802 3166 eadem
823 3097 885 3166 hac
906 3111 1065 3191 potestate
1095 3097 1271 3194 multiplici
1295 3101 1460 3196 flagravit

421 3215 553 3284 invidia.
575 3217 662 3285 Nem
680 3229 713 3283 et
737 3215 923 3302 Pinarium,
947 3217 1090 3308 equitent
1114 3241 1305 3306 romanum,
1323 3243 1462 3312 quum,

420 3335 636 3404 concionante
659 3357 708 3420 se,
724 3331 866 3402 admissa
892 3333 990 3402 turba
1008 3358 1227 3428 paganorum,
1250 3337 1338 3430 apud
1356 3338 1460 3408 mili-

419 3469 466 3523 tu
486 3453 689 3524 subscribere
711 3450 859 3545 quedam
885 3451 1185 3548 animadvertisset,
1212 3457 1379 3525 curiosum
1410 3485 1463 3530 ac

418 3571 657 3668 speculatorem
678 3585 784 3660 ratus,
811 3595 922 3640 coram
948 3570 1080 3640 confodi
1099 3572 1299 3666 imperavit:
1325 3589 1359 3643 et
1386 3579 1466 3648 Te·

373 3739 379 3750 ·
417 3693 509 3762 dium
523 3690 658 3778 tunm,
669 3687 839 3760 consulem
855 3689 1080 3784 designatum,
1100 3689 1178 3784 quia
1194 3690 1315 3762 factum
1335 3697 1465 3786 quod·

416 3811 493 3880 dnm
513 3831 611 3880 snum
633 3807 779 3904 maligno
804 3833 955 3878 sermone
972 3811 1165 3903 carpsisset,
1187 3812 1286 3879 tantis
1308 3827 1466 3884 conter-

416 3932 483 4000 ruit
502 3930 614 4016 minis,
634 3944 672 3997 ut
688 3930 716 3998 is
733 3952 767 3998 se
784 3928 1047 4021 precipitaverit.
1065 3932 1108 3997 Et
1123 3931 1167 4018 Q.
1178 3927 1346 4020 Gallium,
1361 3957 1470 4026 prae-

415 4065 537 4136 torem,
574 4049 608 4117 in
635 4046 748 4116 officio
776 4043 979 4116 salutationis
1009 4045 1143 4118 tabellas
1173 4046 1320 4142 duplices
1354 4071 1472 4128 veste
