<?xml version="1.0" encoding="UTF-8"?>
<!DOCTYPE html PUBLIC "-//W3C//DTD XHTML 1.0 Transitional//EN"
    "http://www.w3.org/TR/xhtml1/DTD/xhtml1-transitional.dtd">
<html xmlns="http://www.w3.org/1999/xhtml" xml:lang="en" lang="en">
 <head>
  <title>
</title>
<meta http-equiv="Content-Type" content="text/html;charset=utf-8" />
  <meta name='ocr-system' content='tesseract 3.04.00' />
  <meta name='ocr-capabilities' content='ocr_page ocr_carea ocr_par ocr_line ocrx_word'/>
</head>
<body>
  <div class='ocr_page' id='page_1' title='image "./caiisuetonitran00grosgoog_0077.png"; bbox 0 0 3138 5438; ppageno 0'>
   <div class='ocr_carea' id='block_1_1' title="bbox 433 477 1055 558">
    <p class='ocr_par' dir='ltr' id='par_1_1' title="bbox 433 477 1055 558">
     <span class='ocr_line' id='line_1_1' title="bbox 433 477 1055 558; baseline -0.002 -12"><span class='ocrx_word' id='word_1_1' title='bbox 433 489 470 558; x_wconf 63' lang='lat' dir='ltr'>aa</span> <span class='ocrx_word' id='word_1_2' title='bbox 834 492 863 546; x_wconf 85' lang='lat' dir='ltr'>c.</span> <span class='ocrx_word' id='word_1_3' title='bbox 882 477 1055 546; x_wconf 77' lang='lat' dir='ltr'>suuro&#39;uu</span> 
     </span>
    </p>
   </div>
   <div class='ocr_carea' id='block_1_2' title="bbox 432 610 1476 3068">
    <p class='ocr_par' dir='ltr' id='par_1_2' title="bbox 432 610 1456 2096">
     <span class='ocr_line' id='line_1_2' title="bbox 432 610 1443 708; baseline 0 -26"><span class='ocrx_word' id='word_1_4' title='bbox 432 613 549 706; x_wconf 83' lang='lat' dir='ltr'>liquit,</span> <span class='ocrx_word' id='word_1_5' title='bbox 567 637 674 704; x_wconf 90' lang='lat' dir='ltr'>neque</span> <span class='ocrx_word' id='word_1_6' title='bbox 690 610 830 680; x_wconf 87' lang='lat' dir='ltr'>voluisse</span> <span class='ocrx_word' id='word_1_7' title='bbox 846 637 880 680; x_wconf 92' lang='lat' dir='ltr'>se</span> <span class='ocrx_word' id='word_1_8' title='bbox 900 612 1023 681; x_wconf 88' lang='lat' dir='ltr'>diutius</span> <span class='ocrx_word' id='word_1_9' title='bbox 1040 614 1165 698; x_wconf 88' lang='lat' dir='ltr'>vivere,</span> <span class='ocrx_word' id='word_1_10' title='bbox 1183 638 1288 708; x_wconf 90' lang='lat' dir='ltr'>neque</span> <span class='ocrx_word' id='word_1_11' title='bbox 1304 637 1443 694; x_wconf 79' lang='lat' dir='ltr'>curasse,</span> 
     </span>
     <span class='ocr_line' id='line_1_3' title="bbox 433 729 1450 828; baseline 0 -30"><span class='ocrx_word' id='word_1_12' title='bbox 433 729 521 824; x_wconf 94' lang='lat' dir='ltr'>quod</span> <span class='ocrx_word' id='word_1_13' title='bbox 539 730 727 799; x_wconf 80' lang='lat' dir='ltr'>valetudine</span> <span class='ocrx_word' id='word_1_14' title='bbox 747 731 855 798; x_wconf 88' lang='lat' dir='ltr'>minus</span> <span class='ocrx_word' id='word_1_15' title='bbox 879 755 1035 828; x_wconf 87' lang='lat' dir='ltr'>prospera</span> <span class='ocrx_word' id='word_1_16' title='bbox 1055 745 1225 800; x_wconf 89' lang='lat' dir='ltr'>uteretur:</span> <span class='ocrx_word' id='word_1_17' title='bbox 1242 732 1403 824; x_wconf 88' lang='lat' dir='ltr'>ideoque,</span> <span class='ocrx_word' id='word_1_18' title='bbox 1421 739 1450 792; x_wconf 81' lang='lat' dir='ltr'>et</span> 
     </span>
     <span class='ocr_line' id='line_1_4' title="bbox 434 845 1450 942; baseline 0 -26"><span class='ocrx_word' id='word_1_19' title='bbox 434 873 507 940; x_wconf 79' lang='lat' dir='ltr'>quae</span> <span class='ocrx_word' id='word_1_20' title='bbox 526 847 700 942; x_wconf 79' lang='lat' dir='ltr'><strong>religiones</strong></span> <span class='ocrx_word' id='word_1_21' title='bbox 726 864 916 936; x_wconf 92' lang='lat' dir='ltr'>monerent,</span> <span class='ocrx_word' id='word_1_22' title='bbox 939 864 973 917; x_wconf 89' lang='lat' dir='ltr'>et</span> <span class='ocrx_word' id='word_1_23' title='bbox 996 873 1069 941; x_wconf 82' lang='lat' dir='ltr'>qua</span> <span class='ocrx_word' id='word_1_24' title='bbox 1094 845 1450 936; x_wconf 83' lang='lat' dir='ltr'>renuntiarentamici,</span> 
     </span>
     <span class='ocr_line' id='line_1_5' title="bbox 437 965 1446 1062; baseline -0.002 -28"><span class='ocrx_word' id='word_1_25' title='bbox 437 965 621 1062; x_wconf 84' lang='lat' dir='ltr'>neglexisse.</span> <span class='ocrx_word' id='word_1_26' title='bbox 648 970 732 1036; x_wconf 88' lang='lat' dir='ltr'>Sunt</span> <span class='ocrx_word' id='word_1_27' title='bbox 759 967 815 1059; x_wconf 88' lang='lat' dir='ltr'>qui</span> <span class='ocrx_word' id='word_1_28' title='bbox 838 981 968 1061; x_wconf 88' lang='lat' dir='ltr'>putent,</span> <span class='ocrx_word' id='word_1_29' title='bbox 992 967 1151 1035; x_wconf 90' lang='lat' dir='ltr'>confisum</span> <span class='ocrx_word' id='word_1_30' title='bbox 1180 991 1255 1036; x_wconf 89' lang='lat' dir='ltr'>eum</span> <span class='ocrx_word' id='word_1_31' title='bbox 1274 967 1446 1033; x_wconf 86' lang='lat' dir='ltr'>novissimo</span> 
     </span>
     <span class='ocr_line' id='line_1_6' title="bbox 436 1081 1449 1178; baseline -0.001 -27"><span class='ocrx_word' id='word_1_32' title='bbox 436 1082 493 1152; x_wconf 92' lang='lat' dir='ltr'>illo</span> <span class='ocrx_word' id='word_1_33' title='bbox 519 1081 799 1152; x_wconf 86' lang='lat' dir='ltr'>senatusconsulto</span> <span class='ocrx_word' id='word_1_34' title='bbox 832 1109 869 1154; x_wconf 83' lang='lat' dir='ltr'>ac</span> <span class='ocrx_word' id='word_1_35' title='bbox 899 1084 1133 1178; x_wconf 81' lang='lat' dir='ltr'>jurejurando,</span> <span class='ocrx_word' id='word_1_36' title='bbox 1163 1087 1262 1153; x_wconf 90' lang='lat' dir='ltr'>etiam</span> <span class='ocrx_word' id='word_1_37' title='bbox 1290 1083 1449 1152; x_wconf 85' lang='lat' dir='ltr'>custodias</span> 
     </span>
     <span class='ocr_line' id='line_1_7' title="bbox 436 1198 1447 1296; baseline -0.003 -27"><span class='ocrx_word' id='word_1_38' title='bbox 436 1203 673 1294; x_wconf 84' lang='lat' dir='ltr'>Hispanorum,</span> <span class='ocrx_word' id='word_1_39' title='bbox 689 1227 764 1270; x_wconf 89' lang='lat' dir='ltr'>cum</span> <span class='ocrx_word' id='word_1_40' title='bbox 777 1200 892 1296; x_wconf 80' lang='lat' dir='ltr'>gladiis</span> <span class='ocrx_word' id='word_1_41' title='bbox 904 1203 1099 1292; x_wconf 56' lang='lat' dir='ltr'>sectantium</span> <span class='ocrx_word' id='word_1_42' title='bbox 1116 1225 1166 1287; x_wconf 92' lang='lat' dir='ltr'>se,</span> <span class='ocrx_word' id='word_1_43' title='bbox 1183 1201 1366 1270; x_wconf 82' lang='lat' dir='ltr'>removisse.</span> <span class='ocrx_word' id='word_1_44' title='bbox 1384 1198 1447 1268; x_wconf 83' lang='lat' dir='ltr'>Alii</span> 
     </span>
     <span class='ocr_line' id='line_1_8' title="bbox 436 1301 1450 1412; baseline -0.005 -24"><span class='ocrx_word' id='word_1_45' title='bbox 436 1318 594 1388; x_wconf 81' lang='lat' dir='ltr'>ediverso</span> <span class='ocrx_word' id='word_1_46' title='bbox 608 1320 793 1412; x_wconf 83' lang='lat' dir='ltr'>opinatum,</span> <span class='ocrx_word' id='word_1_47' title='bbox 809 1318 942 1388; x_wconf 85' lang='lat' dir='ltr'>insidias</span> <span class='ocrx_word' id='word_1_48' title='bbox 961 1317 1106 1412; x_wconf 91' lang='lat' dir='ltr'>undique</span> <span class='ocrx_word' id='word_1_49' title='bbox 1122 1301 1329 1388; x_wconf 83' lang='lat' dir='ltr'>imminentes</span> <span class='ocrx_word' id='word_1_50' title='bbox 1344 1317 1450 1384; x_wconf 87' lang='lat' dir='ltr'>subire</span> 
     </span>
     <span class='ocr_line' id='line_1_9' title="bbox 437 1432 1450 1529; baseline -0.005 -24"><span class='ocrx_word' id='word_1_51' title='bbox 437 1436 534 1506; x_wconf 89' lang='lat' dir='ltr'>semel</span> <span class='ocrx_word' id='word_1_52' title='bbox 551 1437 736 1505; x_wconf 87' lang='lat' dir='ltr'>confessum</span> <span class='ocrx_word' id='word_1_53' title='bbox 756 1439 856 1504; x_wconf 87' lang='lat' dir='ltr'>satius</span> <span class='ocrx_word' id='word_1_54' title='bbox 873 1460 957 1524; x_wconf 91' lang='lat' dir='ltr'>esse,</span> <span class='ocrx_word' id='word_1_55' title='bbox 974 1460 1071 1529; x_wconf 87' lang='lat' dir='ltr'>quam</span> <span class='ocrx_word' id='word_1_56' title='bbox 1093 1459 1206 1504; x_wconf 90' lang='lat' dir='ltr'>cavere</span> <span class='ocrx_word' id='word_1_57' title='bbox 1231 1459 1369 1528; x_wconf 85' lang='lat' dir='ltr'>semper.</span> <span class='ocrx_word' id='word_1_58' title='bbox 1389 1432 1450 1502; x_wconf 84' lang='lat' dir='ltr'>Alii</span> 
     </span>
     <span class='ocr_line' id='line_1_10' title="bbox 439 1552 1452 1647; baseline -0.006 -23"><span class='ocrx_word' id='word_1_59' title='bbox 439 1556 548 1624; x_wconf 84' lang='lat' dir='ltr'>ferunt</span> <span class='ocrx_word' id='word_1_60' title='bbox 566 1555 673 1623; x_wconf 91' lang='lat' dir='ltr'>dicere</span> <span class='ocrx_word' id='word_1_61' title='bbox 699 1554 848 1640; x_wconf 90' lang='lat' dir='ltr'>solitum,</span> <span class='ocrx_word' id='word_1_62' title='bbox 869 1579 935 1624; x_wconf 93' lang='lat' dir='ltr'>non</span> <span class='ocrx_word' id='word_1_63' title='bbox 966 1570 1033 1624; x_wconf 89' lang='lat' dir='ltr'>tam</span> <span class='ocrx_word' id='word_1_64' title='bbox 1057 1579 1131 1639; x_wconf 91' lang='lat' dir='ltr'>sua,</span> <span class='ocrx_word' id='word_1_65' title='bbox 1153 1577 1252 1647; x_wconf 90' lang='lat' dir='ltr'>quam</span> <span class='ocrx_word' id='word_1_66' title='bbox 1269 1552 1452 1646; x_wconf 75' lang='lat' dir='ltr'>reipublicae</span> 
     </span>
     <span class='ocr_line' id='line_1_11' title="bbox 439 1661 1454 1766; baseline -0.007 -22"><span class='ocrx_word' id='word_1_67' title='bbox 439 1675 610 1762; x_wconf 90' lang='lat' dir='ltr'>interesse,</span> <span class='ocrx_word' id='word_1_68' title='bbox 629 1675 676 1742; x_wconf 91' lang='lat' dir='ltr'>uti</span> <span class='ocrx_word' id='word_1_69' title='bbox 694 1671 801 1742; x_wconf 86' lang='lat' dir='ltr'>salvus</span> <span class='ocrx_word' id='word_1_70' title='bbox 817 1688 924 1742; x_wconf 89' lang='lat' dir='ltr'>esset:</span> <span class='ocrx_word' id='word_1_71' title='bbox 941 1675 1054 1766; x_wconf 83' lang='lat' dir='ltr'>sejam</span> <span class='ocrx_word' id='word_1_72' title='bbox 1072 1673 1197 1766; x_wconf 89' lang='lat' dir='ltr'>pridem</span> <span class='ocrx_word' id='word_1_73' title='bbox 1214 1661 1367 1765; x_wconf 75' lang='lat' dir='ltr'>potentia</span> <span class='ocrx_word' id='word_1_74' title='bbox 1387 1669 1454 1764; x_wconf 91' lang='lat' dir='ltr'>glo·</span> 
     </span>
     <span class='ocr_line' id='line_1_12' title="bbox 439 1788 1453 1886; baseline -0.006 -26"><span class='ocrx_word' id='word_1_75' title='bbox 439 1793 559 1885; x_wconf 78' lang='lat' dir='ltr'>riaeque</span> <span class='ocrx_word' id='word_1_76' title='bbox 573 1791 701 1860; x_wconf 87' lang='lat' dir='ltr'>abunde</span> <span class='ocrx_word' id='word_1_77' title='bbox 717 1789 894 1886; x_wconf 87' lang='lat' dir='ltr'>adeptum:</span> <span class='ocrx_word' id='word_1_78' title='bbox 913 1790 1166 1884; x_wconf 83' lang='lat' dir='ltr'>rempublicam,</span> <span class='ocrx_word' id='word_1_79' title='bbox 1182 1792 1209 1858; x_wconf 93' lang='lat' dir='ltr'>si</span> <span class='ocrx_word' id='word_1_80' title='bbox 1221 1788 1300 1882; x_wconf 92' lang='lat' dir='ltr'>quid</span> <span class='ocrx_word' id='word_1_81' title='bbox 1311 1789 1453 1858; x_wconf 89' lang='lat' dir='ltr'>sibieve-</span> 
     </span>
     <span class='ocr_line' id='line_1_13' title="bbox 441 1907 1456 2002; baseline -0.006 -23"><span class='ocrx_word' id='word_1_82' title='bbox 441 1911 541 1996; x_wconf 88' lang='lat' dir='ltr'>niret,</span> <span class='ocrx_word' id='word_1_83' title='bbox 561 1933 665 2002; x_wconf 90' lang='lat' dir='ltr'>neque</span> <span class='ocrx_word' id='word_1_84' title='bbox 684 1911 829 2002; x_wconf 88' lang='lat' dir='ltr'>quietam</span> <span class='ocrx_word' id='word_1_85' title='bbox 848 1910 933 1994; x_wconf 89' lang='lat' dir='ltr'>fore,</span> <span class='ocrx_word' id='word_1_86' title='bbox 954 1925 988 1978; x_wconf 89' lang='lat' dir='ltr'>et</span> <span class='ocrx_word' id='word_1_87' title='bbox 1007 1907 1173 2002; x_wconf 87' lang='lat' dir='ltr'>aliquanto</span> <span class='ocrx_word' id='word_1_88' title='bbox 1198 1907 1358 1976; x_wconf 88' lang='lat' dir='ltr'>deteriore</span> <span class='ocrx_word' id='word_1_89' title='bbox 1384 1931 1456 1974; x_wconf 89' lang='lat' dir='ltr'>con·</span> 
     </span>
     <span class='ocr_line' id='line_1_14' title="bbox 440 2026 993 2096; baseline 0 -1"><span class='ocrx_word' id='word_1_90' title='bbox 440 2027 564 2096; x_wconf 89' lang='lat' dir='ltr'>ditione</span> <span class='ocrx_word' id='word_1_91' title='bbox 579 2026 687 2096; x_wconf 85' lang='lat' dir='ltr'>civilia</span> <span class='ocrx_word' id='word_1_92' title='bbox 700 2027 783 2096; x_wconf 88' lang='lat' dir='ltr'>bella</span> <span class='ocrx_word' id='word_1_93' title='bbox 801 2028 993 2096; x_wconf 83' lang='lat' dir='ltr'>subituram.</span> 
     </span>
    </p>

    <p class='ocr_par' dir='ltr' id='par_1_3' title="bbox 442 2143 1476 3068">
     <span class='ocr_line' id='line_1_15' title="bbox 488 2143 1458 2239; baseline -0.002 -27"><span class='ocrx_word' id='word_1_94' title='bbox 488 2147 688 2214; x_wconf 82' lang='lat' dir='ltr'>LXXXVII.</span> <span class='ocrx_word' id='word_1_95' title='bbox 704 2144 790 2213; x_wconf 89' lang='lat' dir='ltr'>lllud</span> <span class='ocrx_word' id='word_1_96' title='bbox 809 2144 905 2239; x_wconf 89' lang='lat' dir='ltr'>plane</span> <span class='ocrx_word' id='word_1_97' title='bbox 923 2146 1008 2214; x_wconf 92' lang='lat' dir='ltr'>inter</span> <span class='ocrx_word' id='word_1_98' title='bbox 1020 2169 1132 2214; x_wconf 89' lang='lat' dir='ltr'>omnes</span> <span class='ocrx_word' id='word_1_99' title='bbox 1149 2143 1216 2214; x_wconf 89' lang='lat' dir='ltr'>fere</span> <span class='ocrx_word' id='word_1_100' title='bbox 1232 2144 1397 2231; x_wconf 90' lang='lat' dir='ltr'>constitit,</span> <span class='ocrx_word' id='word_1_101' title='bbox 1415 2156 1458 2210; x_wconf 90' lang='lat' dir='ltr'>ta·</span> 
     </span>
     <span class='ocr_line' id='line_1_16' title="bbox 442 2266 1460 2360; baseline -0.004 -25"><span class='ocrx_word' id='word_1_102' title='bbox 442 2266 505 2335; x_wconf 91' lang='lat' dir='ltr'>lem</span> <span class='ocrx_word' id='word_1_103' title='bbox 515 2269 544 2335; x_wconf 92' lang='lat' dir='ltr'>ei</span> <span class='ocrx_word' id='word_1_104' title='bbox 561 2281 700 2335; x_wconf 90' lang='lat' dir='ltr'>mortem</span> <span class='ocrx_word' id='word_1_105' title='bbox 715 2290 860 2360; x_wconf 74' lang='lat' dir='ltr'>paeneex</span> <span class='ocrx_word' id='word_1_106' title='bbox 869 2267 1028 2334; x_wconf 90' lang='lat' dir='ltr'>sententia</span> <span class='ocrx_word' id='word_1_107' title='bbox 1041 2266 1203 2359; x_wconf 84' lang='lat' dir='ltr'>obtigisse.</span> <span class='ocrx_word' id='word_1_108' title='bbox 1216 2268 1302 2334; x_wconf 87' lang='lat' dir='ltr'>Nam</span> <span class='ocrx_word' id='word_1_109' title='bbox 1312 2279 1346 2332; x_wconf 91' lang='lat' dir='ltr'>et</span> <span class='ocrx_word' id='word_1_110' title='bbox 1356 2288 1460 2357; x_wconf 88' lang='lat' dir='ltr'>qnon-</span> 
     </span>
     <span class='ocr_line' id='line_1_17' title="bbox 442 2381 1460 2477; baseline -0.005 -24"><span class='ocrx_word' id='word_1_111' title='bbox 442 2384 534 2468; x_wconf 84' lang='lat' dir='ltr'>dam,</span> <span class='ocrx_word' id='word_1_112' title='bbox 551 2409 653 2477; x_wconf 89' lang='lat' dir='ltr'>quum</span> <span class='ocrx_word' id='word_1_113' title='bbox 672 2383 760 2477; x_wconf 87' lang='lat' dir='ltr'>apud</span> <span class='ocrx_word' id='word_1_114' title='bbox 776 2384 1029 2477; x_wconf 88' lang='lat' dir='ltr'>Xenophontem</span> <span class='ocrx_word' id='word_1_115' title='bbox 1041 2381 1184 2476; x_wconf 82' lang='lat' dir='ltr'>legisset,</span> <span class='ocrx_word' id='word_1_116' title='bbox 1201 2385 1325 2476; x_wconf 81' lang='lat' dir='ltr'>Cyrum</span> <span class='ocrx_word' id='word_1_117' title='bbox 1342 2381 1460 2451; x_wconf 87' lang='lat' dir='ltr'>ultima</span> 
     </span>
     <span class='ocr_line' id='line_1_18' title="bbox 442 2499 1462 2595; baseline -0.004 -24"><span class='ocrx_word' id='word_1_118' title='bbox 442 2501 627 2571; x_wconf 88' lang='lat' dir='ltr'>valetudine</span> <span class='ocrx_word' id='word_1_119' title='bbox 643 2501 812 2570; x_wconf 86' lang='lat' dir='ltr'>mandasse</span> <span class='ocrx_word' id='word_1_120' title='bbox 827 2501 975 2595; x_wconf 76' lang='lat' dir='ltr'>quaedam</span> <span class='ocrx_word' id='word_1_121' title='bbox 991 2499 1032 2568; x_wconf 92' lang='lat' dir='ltr'>de</span> <span class='ocrx_word' id='word_1_122' title='bbox 1044 2500 1157 2569; x_wconf 86' lang='lat' dir='ltr'>funere</span> <span class='ocrx_word' id='word_1_123' title='bbox 1173 2499 1250 2587; x_wconf 84' lang='lat' dir='ltr'>suo,</span> <span class='ocrx_word' id='word_1_124' title='bbox 1268 2514 1462 2594; x_wconf 86' lang='lat' dir='ltr'>aspernatus</span> 
     </span>
     <span class='ocr_line' id='line_1_19' title="bbox 442 2611 1464 2714; baseline -0.006 -22"><span class='ocrx_word' id='word_1_125' title='bbox 442 2638 510 2692; x_wconf 87' lang='lat' dir='ltr'>tam</span> <span class='ocrx_word' id='word_1_126' title='bbox 526 2622 652 2692; x_wconf 87' lang='lat' dir='ltr'>lentum</span> <span class='ocrx_word' id='word_1_127' title='bbox 672 2623 787 2690; x_wconf 89' lang='lat' dir='ltr'>mortis</span> <span class='ocrx_word' id='word_1_128' title='bbox 804 2645 925 2714; x_wconf 88' lang='lat' dir='ltr'>genus,</span> <span class='ocrx_word' id='word_1_129' title='bbox 943 2621 1084 2690; x_wconf 88' lang='lat' dir='ltr'>subitam</span> <span class='ocrx_word' id='word_1_130' title='bbox 1101 2621 1162 2688; x_wconf 91' lang='lat' dir='ltr'>sibi</span> <span class='ocrx_word' id='word_1_131' title='bbox 1179 2618 1382 2712; x_wconf 90' lang='lat' dir='ltr'>celeremque</span> <span class='ocrx_word' id='word_1_132' title='bbox 1406 2611 1464 2711; x_wconf 85' lang='lat' dir='ltr'>op·</span> 
     </span>
     <span class='ocr_line' id='line_1_20' title="bbox 442 2738 1476 2836; baseline -0.006 -25"><span class='ocrx_word' id='word_1_133' title='bbox 442 2757 575 2812; x_wconf 89' lang='lat' dir='ltr'>taverat.</span> <span class='ocrx_word' id='word_1_134' title='bbox 593 2745 636 2811; x_wconf 91' lang='lat' dir='ltr'>Et</span> <span class='ocrx_word' id='word_1_135' title='bbox 652 2740 758 2836; x_wconf 89' lang='lat' dir='ltr'>pridie</span> <span class='ocrx_word' id='word_1_136' title='bbox 775 2764 874 2833; x_wconf 88' lang='lat' dir='ltr'>quarn</span> <span class='ocrx_word' id='word_1_137' title='bbox 901 2738 1130 2824; x_wconf 89' lang='lat' dir='ltr'>occideretur,</span> <span class='ocrx_word' id='word_1_138' title='bbox 1157 2739 1191 2806; x_wconf 93' lang='lat' dir='ltr'>in</span> <span class='ocrx_word' id='word_1_139' title='bbox 1214 2763 1362 2807; x_wconf 85' lang='lat' dir='ltr'>sermone</span> <span class='ocrx_word' id='word_1_140' title='bbox 1383 2753 1476 2806; x_wconf 90' lang='lat' dir='ltr'>nato·</span> 
     </span>
     <span class='ocr_line' id='line_1_21' title="bbox 442 2856 1466 2954; baseline -0.007 -25"><span class='ocrx_word' id='word_1_141' title='bbox 442 2885 540 2954; x_wconf 86' lang='lat' dir='ltr'>super</span> <span class='ocrx_word' id='word_1_142' title='bbox 556 2883 697 2946; x_wconf 86' lang='lat' dir='ltr'>ooenam,</span> <span class='ocrx_word' id='word_1_143' title='bbox 723 2857 812 2952; x_wconf 86' lang='lat' dir='ltr'>apud</span> <span class='ocrx_word' id='word_1_144' title='bbox 838 2861 886 2927; x_wconf 92' lang='lat' dir='ltr'>M.</span> <span class='ocrx_word' id='word_1_145' title='bbox 909 2856 1086 2950; x_wconf 81' lang='lat' dir='ltr'>Lepidum,</span> <span class='ocrx_word' id='word_1_146' title='bbox 1103 2857 1253 2949; x_wconf 88' lang='lat' dir='ltr'>quisnam</span> <span class='ocrx_word' id='word_1_147' title='bbox 1279 2872 1362 2924; x_wconf 91' lang='lat' dir='ltr'>esset</span> <span class='ocrx_word' id='word_1_148' title='bbox 1388 2857 1466 2925; x_wconf 88' lang='lat' dir='ltr'>finis</span> 
     </span>
     <span class='ocr_line' id='line_1_22' title="bbox 442 2975 1467 3068; baseline -0.005 -22"><span class='ocrx_word' id='word_1_149' title='bbox 442 2980 515 3046; x_wconf 86' lang='lat' dir='ltr'>vitae</span> <span class='ocrx_word' id='word_1_150' title='bbox 540 2976 835 3064; x_wconf 83' lang='lat' dir='ltr'>commodissimus,</span> <span class='ocrx_word' id='word_1_151' title='bbox 861 2977 1067 3067; x_wconf 87' lang='lat' dir='ltr'>repentinum</span> <span class='ocrx_word' id='word_1_152' title='bbox 1087 2975 1357 3068; x_wconf 82' lang='lat' dir='ltr'>inopinatumque</span> <span class='ocrx_word' id='word_1_153' title='bbox 1380 2999 1467 3068; x_wconf 64' lang='lat' dir='ltr'>praj-</span> 
     </span>
    </p>
   </div>
   <div class='ocr_carea' id='block_1_3' title="bbox 442 3094 1478 3892">
    <p class='ocr_par' dir='ltr' id='par_1_4' title="bbox 443 3094 572 3166">
     <span class='ocr_line' id='line_1_23' title="bbox 443 3094 572 3166; baseline 0.008 -3"><span class='ocrx_word' id='word_1_154' title='bbox 443 3094 572 3166; x_wconf 90' lang='lat' dir='ltr'>tulerat.</span> 
     </span>
    </p>

    <p class='ocr_par' dir='ltr' id='par_1_5' title="bbox 442 3185 1478 3892">
     <span class='ocr_line' id='line_1_24' title="bbox 463 3185 1470 3306; baseline -0.007 -22"><span class='ocrx_word' id='word_1_155' title='bbox 463 3185 468 3198; x_wconf 34' lang='lat'>⁸</span> <span class='ocrx_word' id='word_1_156' title='bbox 489 3215 703 3284; x_wconf 87' lang='lat' dir='ltr'>LXXXVIII.</span> <span class='ocrx_word' id='word_1_157' title='bbox 722 3213 823 3282; x_wconf 88' lang='lat' dir='ltr'>Periit</span> <span class='ocrx_word' id='word_1_158' title='bbox 836 3224 926 3280; x_wconf 84' lang='lat' dir='ltr'>sexto</span> <span class='ocrx_word' id='word_1_159' title='bbox 944 3225 977 3279; x_wconf 89' lang='lat' dir='ltr'>et</span> <span class='ocrx_word' id='word_1_160' title='bbox 993 3214 1261 3306; x_wconf 89' lang='lat' dir='ltr'>quinquagesimo</span> <span class='ocrx_word' id='word_1_161' title='bbox 1278 3211 1386 3280; x_wconf 86' lang='lat' dir='ltr'>aetatis</span> <span class='ocrx_word' id='word_1_162' title='bbox 1411 3235 1470 3278; x_wconf 89' lang='lat' dir='ltr'>an-</span> 
     </span>
     <span class='ocr_line' id='line_1_25' title="bbox 443 3328 1473 3423; baseline -0.003 -23"><span class='ocrx_word' id='word_1_163' title='bbox 443 3356 487 3400; x_wconf 93' lang='lat' dir='ltr'>no</span> <span class='ocrx_word' id='word_1_164' title='bbox 507 3357 516 3400; x_wconf 72' lang='grc' dir='ltr'><strong><em>ε</em></strong></span> <span class='ocrx_word' id='word_1_165' title='bbox 535 3345 633 3423; x_wconf 90' lang='lat' dir='ltr'>atque</span> <span class='ocrx_word' id='word_1_166' title='bbox 658 3331 692 3398; x_wconf 92' lang='lat' dir='ltr'>in</span> <span class='ocrx_word' id='word_1_167' title='bbox 716 3333 865 3399; x_wconf 90' lang='lat' dir='ltr'>Deorum</span> <span class='ocrx_word' id='word_1_168' title='bbox 894 3353 1066 3397; x_wconf 90' lang='lat' dir='ltr'>numerum</span> <span class='ocrx_word' id='word_1_169' title='bbox 1088 3328 1208 3398; x_wconf 88' lang='lat' dir='ltr'>relatus</span> <span class='ocrx_word' id='word_1_170' title='bbox 1229 3344 1292 3418; x_wconf 90' lang='lat' dir='ltr'>est,</span> <span class='ocrx_word' id='word_1_171' title='bbox 1312 3354 1386 3399; x_wconf 91' lang='lat' dir='ltr'>non</span> <span class='ocrx_word' id='word_1_172' title='bbox 1412 3353 1473 3397; x_wconf 91' lang='lat' dir='ltr'>ore</span> 
     </span>
     <span class='ocr_line' id='line_1_26' title="bbox 442 3445 1474 3540; baseline -0.004 -22"><span class='ocrx_word' id='word_1_173' title='bbox 442 3447 541 3518; x_wconf 89' lang='lat' dir='ltr'>modo</span> <span class='ocrx_word' id='word_1_174' title='bbox 558 3447 819 3534; x_wconf 89' lang='lat' dir='ltr'>decernentium,</span> <span class='ocrx_word' id='word_1_175' title='bbox 837 3446 893 3515; x_wconf 90' lang='lat' dir='ltr'>sed</span> <span class='ocrx_word' id='word_1_176' title='bbox 910 3461 943 3514; x_wconf 89' lang='lat' dir='ltr'>et</span> <span class='ocrx_word' id='word_1_177' title='bbox 960 3447 1167 3539; x_wconf 86' lang='lat' dir='ltr'>persuasione</span> <span class='ocrx_word' id='word_1_178' title='bbox 1181 3446 1281 3540; x_wconf 83' lang='lat' dir='ltr'>vulgi.</span> <span class='ocrx_word' id='word_1_179' title='bbox 1294 3445 1474 3538; x_wconf 92' lang='lat' dir='ltr'>Siquidem</span> 
     </span>
     <span class='ocr_line' id='line_1_27' title="bbox 443 3563 1476 3658; baseline -0.004 -24"><span class='ocrx_word' id='word_1_180' title='bbox 443 3565 545 3653; x_wconf 89' lang='lat' dir='ltr'>ludis,</span> <span class='ocrx_word' id='word_1_181' title='bbox 559 3577 642 3658; x_wconf 81' lang='lat' dir='ltr'>quos</span> <span class='ocrx_word' id='word_1_182' title='bbox 660 3565 784 3658; x_wconf 86' lang='lat' dir='ltr'>primos</span> <span class='ocrx_word' id='word_1_183' title='bbox 796 3579 999 3634; x_wconf 86' lang='lat' dir='ltr'>consecratos</span> <span class='ocrx_word' id='word_1_184' title='bbox 1010 3565 1040 3632; x_wconf 92' lang='lat' dir='ltr'>ei</span> <span class='ocrx_word' id='word_1_185' title='bbox 1050 3566 1143 3632; x_wconf 89' lang='lat' dir='ltr'>heres</span> <span class='ocrx_word' id='word_1_186' title='bbox 1156 3566 1324 3656; x_wconf 78' lang='lat' dir='ltr'>Augustus</span> <span class='ocrx_word' id='word_1_187' title='bbox 1333 3563 1476 3648; x_wconf 89' lang='lat' dir='ltr'>edebat,</span> 
     </span>
     <span class='ocr_line' id='line_1_28' title="bbox 442 3680 1477 3776; baseline -0.003 -23"><span class='ocrx_word' id='word_1_188' title='bbox 442 3683 534 3754; x_wconf 84' lang='lat' dir='ltr'>stella</span> <span class='ocrx_word' id='word_1_189' title='bbox 546 3684 662 3751; x_wconf 85' lang='lat' dir='ltr'>crinita</span> <span class='ocrx_word' id='word_1_190' title='bbox 682 3706 742 3774; x_wconf 93' lang='lat' dir='ltr'>per</span> <span class='ocrx_word' id='word_1_191' title='bbox 764 3697 887 3776; x_wconf 86' lang='lat' dir='ltr'>septem</span> <span class='ocrx_word' id='word_1_192' title='bbox 903 3682 973 3750; x_wconf 92' lang='lat' dir='ltr'>dies</span> <span class='ocrx_word' id='word_1_193' title='bbox 995 3684 1169 3750; x_wconf 90' lang='lat' dir='ltr'>continuos</span> <span class='ocrx_word' id='word_1_194' title='bbox 1187 3680 1291 3764; x_wconf 80' lang='lat' dir='ltr'>fulsit,</span> <span class='ocrx_word' id='word_1_195' title='bbox 1313 3685 1477 3750; x_wconf 86' lang='lat' dir='ltr'>exoriens</span> 
     </span>
     <span class='ocr_line' id='line_1_29' title="bbox 442 3799 1478 3892; baseline -0.001 -20"><span class='ocrx_word' id='word_1_196' title='bbox 442 3805 528 3872; x_wconf 88' lang='lat' dir='ltr'>circa</span> <span class='ocrx_word' id='word_1_197' title='bbox 545 3800 749 3872; x_wconf 85' lang='lat' dir='ltr'>undecimam</span> <span class='ocrx_word' id='word_1_198' title='bbox 764 3801 878 3869; x_wconf 87' lang='lat' dir='ltr'>boram</span> <span class='ocrx_word' id='word_1_199' title='bbox 894 3799 1138 3892; x_wconf 89' lang='lat' dir='ltr'>:creditumque</span> <span class='ocrx_word' id='word_1_200' title='bbox 1152 3813 1219 3885; x_wconf 93' lang='lat' dir='ltr'>est,</span> <span class='ocrx_word' id='word_1_201' title='bbox 1234 3800 1384 3866; x_wconf 90' lang='lat' dir='ltr'>animam</span> <span class='ocrx_word' id='word_1_202' title='bbox 1404 3827 1478 3870; x_wconf 86' lang='lat' dir='ltr'>esse</span> 
     </span>
    </p>
   </div>
   <div class='ocr_carea' id='block_1_4' title="bbox 442 3917 1481 4130">
    <p class='ocr_par' dir='ltr' id='par_1_6' title="bbox 442 3917 1481 4130">
     <span class='ocr_line' id='line_1_30' title="bbox 442 3917 1480 4013; baseline -0.005 -22"><span class='ocrx_word' id='word_1_203' title='bbox 442 3922 577 3991; x_wconf 78' lang='lat' dir='ltr'>Caesaris</span> <span class='ocrx_word' id='word_1_204' title='bbox 601 3921 635 3988; x_wconf 93' lang='lat' dir='ltr'>in</span> <span class='ocrx_word' id='word_1_205' title='bbox 659 3918 777 3988; x_wconf 87' lang='lat' dir='ltr'>ooelum</span> <span class='ocrx_word' id='word_1_206' title='bbox 798 3921 943 4013; x_wconf 89' lang='lat' dir='ltr'>recepti:</span> <span class='ocrx_word' id='word_1_207' title='bbox 963 3933 995 3986; x_wconf 89' lang='lat' dir='ltr'>et</span> <span class='ocrx_word' id='word_1_208' title='bbox 1013 3919 1074 3987; x_wconf 88' lang='lat' dir='ltr'>hac</span> <span class='ocrx_word' id='word_1_209' title='bbox 1100 3919 1140 3986; x_wconf 93' lang='lat' dir='ltr'>de</span> <span class='ocrx_word' id='word_1_210' title='bbox 1164 3941 1261 3986; x_wconf 88' lang='lat' dir='ltr'>causa</span> <span class='ocrx_word' id='word_1_211' title='bbox 1288 3917 1480 3986; x_wconf 89' lang='lat' dir='ltr'>simulacro</span> 
     </span>
     <span class='ocr_line' id='line_1_31' title="bbox 443 4035 1481 4130; baseline -0.003 -25"><span class='ocrx_word' id='word_1_212' title='bbox 443 4040 513 4130; x_wconf 82' lang='lat' dir='ltr'>ejus</span> <span class='ocrx_word' id='word_1_213' title='bbox 534 4040 567 4106; x_wconf 91' lang='lat' dir='ltr'>in</span> <span class='ocrx_word' id='word_1_214' title='bbox 595 4035 718 4107; x_wconf 82' lang='lat' dir='ltr'>&#39;vertice</span> <span class='ocrx_word' id='word_1_215' title='bbox 746 4037 877 4106; x_wconf 89' lang='lat' dir='ltr'>additur</span> <span class='ocrx_word' id='word_1_216' title='bbox 903 4037 1003 4106; x_wconf 87' lang='lat' dir='ltr'>stella.</span> <span class='ocrx_word' id='word_1_217' title='bbox 1027 4039 1161 4106; x_wconf 89' lang='lat' dir='ltr'>Curiam</span> <span class='ocrx_word' id='word_1_218' title='bbox 1190 4037 1309 4126; x_wconf 90' lang='lat' dir='ltr'>inqua</span> <span class='ocrx_word' id='word_1_219' title='bbox 1337 4038 1481 4104; x_wconf 78' lang='lat' dir='ltr'>occisus</span> 
     </span>
    </p>
   </div>
   <div class='ocr_carea' id='block_1_5' title="bbox 0 0 1587 5438">
    <p class='ocr_par' dir='ltr' id='par_1_7' title="bbox 0 0 1587 5438">
     <span class='ocr_line' id='line_1_32' title="bbox 0 0 1587 5438; baseline 0 0"><span class='ocrx_word' id='word_1_220' title='bbox 0 0 1587 5438; x_wconf 95' lang='lat' dir='ltr'> </span> 
     </span>
    </p>
   </div>
  </div>
 </body>
</html>
