3114 5446
515 515 713 570 CALIGULA.
1074 519 1126 586 173

117 639 272 734 presedit3
298 637 353 706 sed
381 637 546 706 interdum
573 654 631 707 aut
660 639 901 731 magistratibus
925 655 982 709 aut
1007 643 1126 712 amicis

117 754 294 854 prasidendi
308 781 429 824 munus
443 755 595 848 injunxit
611 758 765 826 Scenicos
778 755 873 827 ludos
885 775 918 828 et
933 761 1080 848 assidue,
1094 777 1128 830 et

117 879 181 946 rarii
198 876 345 971 generis,
360 899 399 944 ac
416 865 627 943 multifariam
649 875 746 945 fecit:
763 877 928 968 quondam
945 894 977 947 et
992 894 1128 948 noctur·

119 1023 183 1084 nos,
202 995 351 1064 accensis
375 1007 444 1062 tota
470 993 553 1061 urbe
574 993 763 1063 luminibus.
789 997 916 1088 Sparsit
937 1012 971 1066 et
993 997 1127 1066 missilia

119 1117 267 1183 variarum
291 1137 422 1198 rerum,
439 1125 472 1180 et
487 1111 623 1205 panaria
644 1135 719 1181 cum
744 1115 883 1207 opsonio
901 1115 1024 1182 viritim
1042 1116 1127 1184 divi-

103 1237 158 1304 sit
175 1236 253 1323 Qua
272 1229 462 1328 epulatione
483 1233 586 1325 equiti
611 1257 769 1320 romano,
794 1249 910 1304 contra
933 1261 967 1304 se
988 1234 1125 1304 hilarius

118 1355 296 1447 avidiusque
315 1353 475 1438 vescenti,
495 1365 604 1445 partes
624 1373 700 1420 suas
720 1353 833 1422 misit:
856 1353 962 1422 sedet
981 1355 1126 1423 senatori

115 1475 149 1542 ob
169 1473 316 1542 eamdem
339 1495 471 1541 causam
497 1469 683 1557 codicillos,
712 1473 830 1565 quibus
853 1487 1026 1566 praetorem
1050 1497 1126 1541 eum

116 1609 191 1662 extra
206 1591 360 1661 ordinem
379 1589 579 1684 designabat.
595 1589 707 1659 Edidit
728 1605 762 1658 et
784 1592 944 1660 circenses
964 1591 1125 1685 plurimos

117 1737 235 1780 amane
262 1709 425 1803 usquead
449 1733 637 1802 vesperam,
656 1709 827 1802 interjecta
849 1709 947 1778 modo
967 1710 1126 1778 africana·

115 1855 177 1898 rum
195 1829 395 1912 venatione,
421 1827 520 1896 modo
539 1829 646 1920 Trojae
670 1827 862 1896 decursione
883 1855 891 1896 ε
912 1844 945 1896 et
969 1827 1127 1920 quosdam
1220 1881 1223 1898 .

116 1951 304 2044 precipuos,
326 1949 428 2016 minio
456 1961 489 2015 et
516 1944 719 2039 chrysocolla
747 1961 913 2014 constrato
939 1948 1044 2030 circo,
1066 1972 1126 2016 uec

115 2067 195 2150 ullis,
215 2068 278 2136 nisi
300 2091 341 2135 ex
359 2067 523 2135 senatorio
544 2065 678 2153 ordine,
697 2066 933 2159 aurigantibus.
955 2069 1130 2136 Commisit

113 2201 140 2252 et
159 2187 306 2274 subitos,
325 2209 427 2279 quum
447 2209 465 2253 e
486 2182 662 2254 Gelotiana
680 2201 873 2279 apparatum
896 2185 974 2253 circi
997 2186 1127 2278 prospi-

113 2281 244 2374 cientem
260 2306 358 2398 pauci
376 2328 416 2372 ex
433 2303 590 2398 proximis
611 2304 781 2371 moenianis
801 2302 1026 2397 postulassent.

151 2428 241 2492 xtx.
257 2427 391 2494 Novum
407 2438 561 2516 praterea
575 2437 674 2514 atque
687 2422 871 2491 inauditum
886 2447 990 2517 genus
1004 2437 1130 2515 specta-

112 2541 169 2610 culi
183 2543 393 2636 excogitavit.
407 2543 492 2610 Nam
507 2543 659 2610 Baiarum
678 2541 823 2609 medium
841 2541 1050 2610 intervallum
1066 2545 1130 2610 Pu-

111 2659 248 2730 teolanas
272 2659 314 2728 ad
336 2659 460 2744 moles,
482 2663 584 2729 trium
606 2658 746 2728 millium
765 2675 797 2727 et
817 2673 1044 2728 sexcentorum
1063 2659 1130 2727 lere

111 2805 276 2872 passuum,
293 2795 394 2874 ponte
412 2782 600 2874 conjunxit,
618 2780 794 2848 contractis
809 2779 956 2871 undique
971 2779 1131 2846 onerariis

111 2901 260 2988 nasibus,
277 2914 310 2968 et
327 2899 444 2968 ordine
463 2898 587 2992 duplici
606 2898 647 2967 ad
664 2923 799 2967 ancoras
816 2897 998 2985 collocatis,
1017 2921 1132 2990 super-

106 3017 255 3111 jectoque
276 3041 394 3111 aggere
413 3032 564 3103 terreno,
584 3042 621 3086 ac
641 3017 766 3086 directo
787 3018 821 3084 in
843 3017 957 3110 Appias
981 3017 1042 3084 viae
1062 3015 1131 3083 for·

106 3159 200 3204 mam.
220 3141 284 3205 Per
304 3137 395 3204 hunc
416 3121 550 3230 pontem
575 3135 662 3204 ultro
682 3138 766 3204 citro
789 3136 1006 3222 commeavit,
1031 3135 1132 3202 biduo

95 3255 290 3323 continenti
295 3279 306 3340 ;
323 3255 430 3348 primo
446 3255 499 3324 die
515 3254 687 3349 phalerato
703 3279 803 3347 equo,
819 3255 1022 3348 insignisque
1037 3253 1133 3347 quer·

105 3397 162 3442 nea
184 3398 332 3460 corona,
352 3387 385 3442 et
409 3388 525 3458 caetra,
548 3389 581 3442 et
603 3373 732 3468 gladio,
755 3397 918 3466 aureaque
938 3372 1132 3465 chlamyde3

104 3491 262 3582 postridie
281 3491 493 3586 quadrigario
512 3491 646 3578 habitu,
662 3490 891 3584 curriculoque
909 3493 1013 3585 bijugi
1029 3491 1133 3558 famo·

103 3633 217 3678 sorum
235 3634 416 3704 equorum,
433 3635 500 3704 prae
516 3635 550 3679 se
566 3611 673 3681 ferens
691 3613 829 3680 Darium
845 3635 983 3704 puerum
999 3617 1038 3678 ei
1054 3614 1133 3678 Par·

104 3725 241 3798 thor-rma
257 3727 442 3816 obsidibus;
453 3721 634 3798 comitante
649 3731 921 3825 pretorianorum
938 3730 1085 3823 agmine,
1100 3744 1133 3796 et

102 3843 136 3912 in
147 3846 276 3916 essedis
286 3847 423 3917 cohorte
432 3849 622 3918 amicorum.
634 3847 911 3944 Scio,plerosque
920 3849 1131 3928 existimasse,

100 3963 206 4034 talem
230 3989 251 4032 a
270 3967 350 4036 Caio
375 3981 507 4060 pontem
526 3969 749 4062 escogitatum
770 3966 975 4036 emulatione
993 3967 1131 4052 Xerxis,

103 4083 160 4172 qni
179 4107 253 4150 non
271 4085 339 4152 sine
356 4064 572 4154 admiratione
590 4084 758 4180 aliquanto
775 4086 995 4179 angustiorem
1009 4083 1132 4152 Helles·
