3138 5438
445 525 793 583 ·C.JU1JUSCAESAR.
820 531 825 550 ¹
1106 531 1141 586 25

109 669 127 712 a
143 645 226 712 mari
243 668 369 738 supero
382 649 614 745 perApennini
630 648 765 718 dorsum
781 651 824 720 ad
843 651 986 720 Tiberim
1012 677 1115 748 usque
1131 679 1139 722 :

109 761 280 854 perfodere
296 764 464 834 Isthmum
479 791 487 834 :
501 769 625 858 Dacos,
638 769 696 861 qui
709 793 744 838 se
756 771 790 838 in
803 773 948 840 Pontum
965 795 1025 866 per
1040 773 1141 842 Thra·

109 883 189 950 ciam
206 880 417 970 effinderant,
435 909 612 954 coercere:
631 909 709 956 mox
723 889 855 958 Parthis
874 889 995 960 inferre
1016 889 1139 960 bellum

112 1027 166 1094 per
182 1003 379 1070 Armeniam
403 1001 586 1089 minorem,
604 1029 684 1094 nec,
704 1006 767 1076 nisi
793 1021 871 1076 ante
894 1023 1066 1103 expertos,
1087 1035 1141 1104 ag·

110 1119 198 1214 gredi
228 1117 357 1213 proelio.
384 1120 477 1190 Talia
503 1138 653 1217 agentem
683 1139 783 1218 atque
809 1127 1023 1197 meditantem
1049 1153 1139 1198 mors

109 1239 267 1330 prevenit
286 1265 294 1307 :
313 1239 355 1308 de
379 1265 445 1333 qua
468 1242 660 1334 priusquam
680 1241 808 1332 dicam,
834 1269 892 1332 ea,
911 1271 986 1340 qum
1008 1245 1050 1316 ad
1076 1246 1140 1316 lor·

109 1381 220 1444 mam,
243 1371 277 1426 et
306 1357 479 1446 habiturn,
497 1374 531 1428 et
549 1359 700 1450 cultum,
726 1375 761 1430 et
783 1386 907 1450 mores,
927 1387 988 1433 nee
1012 1365 1137 1454 minua,

108 1501 178 1570 qnae
208 1475 252 1544 ad
284 1475 395 1546 civilia
414 1492 447 1546 et
473 1476 591 1548 bellica
613 1480 685 1572 ejus
713 1479 823 1548 studia
844 1482 1050 1574 pertineant,
1072 1508 1139 1552 non

109 1593 253 1662 alienum
274 1596 338 1662 erit
356 1599 543 1680 summatim
563 1621 736 1690 exponere.

150 1715 258 1780 XLV.
285 1714 399 1784 Fuisse
427 1713 569 1784 traditur
599 1714 724 1784 excelsa
754 1730 899 1805 statura,
926 1719 1036 1788 colore
1063 1743 1140 1790 oan-

107 1831 204 1918 dido,
233 1831 393 1900 teretibus
423 1833 599 1920 membris,
628 1858 686 1902 ore
714 1834 813 1928 paulo
841 1835 1008 1928 pleniore,
1035 1838 1139 1932 nigris

107 1953 296 2045 vegetisqme
314 1949 435 2038 oeulis,
454 1949 643 2020 valetudine
665 1976 843 2046 prospera3
861 1953 924 2022 nisi
945 1953 1034 2047 quod
1054 1969 1138 2024 tem·

107 2094 185 2163 pore
210 2083 361 2139 &tremo
384 2085 519 2164 repente
543 2071 655 2140 animo
680 2070 804 2164 linqui,
831 2086 930 2164 atque
954 2074 1053 2142 etiam
1080 2098 1139 2167 per

108 2213 260 2257 somnum
278 2190 440 2260 exterreri
458 2187 594 2260 solebat
613 2189 782 2262 Comitiali
800 2215 933 2285 quoque
953 2193 1069 2262 morbo
1088 2193 1140 2261 bis

108 2310 193 2376 inter
213 2332 267 2376 res
290 2307 433 2402 agendas
455 2323 627 2402 correptus
649 2323 708 2378 est.
731 2310 828 2379 Circa
852 2312 1000 2403 corporis
1025 2336 1139 2380 curam

108 2429 288 2514 morosior,
310 2441 435 2496 utnon
455 2427 562 2497 solum
582 2425 775 2500 tonderetur
792 2427 969 2523 diligenter
986 2453 1025 2498 ae
1044 2429 1139 2498 rade-

107 2561 213 2630 retur,
233 2547 294 2616 sed
310 2545 488 2620 velleretur
502 2549 621 2636 etiam,
637 2562 674 2616 ut
689 2548 824 2642 quidam
839 2549 1140 2642 exprobraverunt;

107 2665 230 2735 mlvitii
253 2690 334 2736 vero
355 2665 596 2736 deformitatem
616 2667 820 2761 iniquissime
840 2666 958 2756 ferret,
977 2694 1060 2762 saepe
1079 2671 1138 2738 ob·

108 2801 327 2856 tractatorum
348 2786 431 2879 jocis
453 2783 627 2855 obnoxiam
649 2788 814 2881 expertus.
838 2785 984 2880 Ideoque
1002 2802 1036 2856 et
1061 2788 1141 2856 defi·

106 2909 251 2976 cientem
269 2905 426 2999 capillum
446 2930 602 2975 revocare
626 2931 646 2976 a
670 2909 792 2976 vertice
816 2922 1022 2997 assueverat,
1045 2923 1142 2978 etex

105 3026 262 3094 omnibus
287 3024 426 3094 decretis
450 3025 512 3093 sibi
537 3049 557 3094 a
582 3039 698 3095 senatu
723 3024 914 3120 populoque
938 3028 1140 3114 honoribus,

105 3169 169 3214 non
188 3143 288 3214 aliud
307 3159 365 3214 aut
380 3145 504 3240 recepit
516 3159 575 3214 aut
592 3147 764 3240 usurpavit
780 3144 950 3232 libentius,
968 3171 1067 3240 quam
1086 3151 1141 3239 jus

104 3263 225 3335 lauram
235 3289 368 3333 coronae
377 3279 537 3360 perpetuo
548 3264 723 3360 gestandae
735 3267 845 3335 Etiam
860 3263 953 3334 cultu
963 3265 1141 3335 notabilem

103 3383 239 3462 ferunt„
250 3389 359 3455 Usum
376 3385 465 3454 enim
484 3383 551 3454 lato
569 3383 663 3454 olavo
679 3384 721 3453 ad
741 3410 858 3455 manus
878 3384 1062 3473 fimbriato,
1082 3409 1142 3454 nee

104 3521 139 3574 ut
157 3529 319 3600 unquam
339 3503 435 3574 aliter
458 3529 558 3598 quaxn
576 3528 677 3598 super
697 3529 772 3574 eum
794 3506 997 3598 cingeretur,
1017 3518 1051 3571 et
1071 3502 1142 3596 qui·

102 3625 175 3695 dem
202 3624 350 3694 fluxiore
374 3624 534 3694 cinctura.
558 3622 658 3690 Unde
682 3647 851 3691 emanasse
873 3619 971 3690 Sullae
994 3619 1140 3708 dictum,

101 3749 287 3840 optimates
300 3743 419 3837 saepius
430 3741 655 3831 admonentis,
667 3757 728 3809 «ut
739 3739 823 3809 male
837 3741 1050 3834 procinctum
1064 3762 1141 3832 pue·

100 3889 175 3934 rum
193 3877 365 3936 caverent
376 3893 393 3928 a

144 3986 274 4056 XLVL
302 3983 474 4053 Habitavit
493 3985 602 4076 primo
622 3984 658 4051 in
678 3982 809 4052 Subura
829 3978 967 4049 modieis
988 3977 1112 4048 aedibus
1131 4004 1139 4044 :

100 4122 175 4200 post
199 4119 317 4174 autem
339 4101 570 4197 pontificatum
591 4103 771 4171 maximum
795 4103 829 4168 in
851 4123 941 4167 sacra
966 4097 1018 4165 via
1043 4095 1142 4166 domo
