3138 5438
446 532 477 586 C.
499 531 630 588 sunus
651 535 786 592 crustu.
1100 537 1135 592 35

100 654 197 724 ritate
218 669 320 746 atque
342 653 556 749 indulgentia.
579 660 656 728 Non
677 659 766 728 enim
790 660 911 752 ubique
931 683 969 728 ac
987 683 1136 754 semper,

100 775 155 844 sed
183 801 290 871 quum
319 778 424 848 hostis
451 781 486 848 in
514 781 664 874 proximo
692 795 797 870 esset,
826 779 998 850 coercebat
1026 805 1035 848 :
1062 795 1135 849 tum

101 898 242 966 maxime
259 914 396 970 exactor
413 902 624 1004 gravissimus
643 901 842 996 disciplina,
861 915 899 970 ut
917 923 1024 995 neque
1043 901 1136 969 itine-

101 1019 143 1084 ris
167 1043 279 1112 neque
306 1017 414 1112 proelii
438 1035 569 1115 tempus
593 1020 821 1108 denuntiaret,
847 1019 904 1090 sed
927 1034 1080 1116 paratum
1104 1035 1136 1090 et

100 1137 265 1208 intentum
290 1143 467 1212 momentis
489 1142 661 1230 omnibus,
685 1166 753 1235 quo
778 1138 893 1229 vellet,
919 1142 1029 1210 subito
1053 1141 1135 1210 edu·

99 1272 196 1326 cerer.
235 1259 338 1348 Quod
371 1263 470 1330 etiam
504 1267 577 1332 sine
610 1287 707 1331 causa
744 1261 940 1357 plerumque
974 1262 1136 1349 faciebat,

98 1383 263 1476 precipue
287 1379 409 1475 pluviis
436 1397 469 1450 et
494 1381 583 1470 lestis
608 1379 734 1451 diebus.
763 1385 812 1450 Ac
840 1383 1000 1472 subinde,
1025 1383 1136 1452 obser·

101 1502 246 1574 vandum
273 1528 308 1573 se
335 1503 536 1589 admonens,
554 1519 689 1600 repente
710 1504 852 1574 interdiu
871 1503 924 1575 vel
944 1518 1040 1573 nocte
1058 1503 1136 1572 sub·

101 1624 271 1712 trabebat3
289 1624 496 1718 augebatque
513 1625 594 1711 iter,
613 1640 652 1694 ut
672 1619 1027 1717 serius‘subseqnentes
1047 1623 1135 1692 dela·

100 1745 228 1839 tigaret.

142 1868 267 1935 val.
293 1869 394 1936 Fama
403 1891 483 1936 vero
494 1867 665 1938 hostilium
678 1868 849 1961 copiarum
863 1866 1055 1960 perterritos
1067 1887 1134 1933 non

100 1985 251 2081 negando
271 1987 508 2077 minuendove,
532 1987 589 2058 sed
610 1990 746 2082 insuper
767 1983 1000 2083 amplificando
1021 2009 1133 2053 emen-

99 2107 645 2203 tiendoque,confirmabat.ltaque
653 2131 757 2201 quum
766 2105 965 2200 exspectatio
974 2105 1134 2174 adventus

97 2229 187 2298 Juhae
204 2230 362 2300 terribilis
375 2245 475 2318 esset,
490 2229 679 2299 convocatis
694 2225 736 2296 ad
750 2227 942 2296 concionem
956 2225 1134 2310 militibus,

98 2351 270 2438 «Scitote,
293 2353 421 2444 inquit,
441 2350 645 2447 paucissimis
667 2345 854 2416 hisdiebus
876 2369 987 2440 regem
1011 2345 1134 2415 affutu-

98 2494 169 2538 rum
201 2495 282 2540 cum
313 2470 426 2541 decem
456 2469 660 2566 legionibus,
692 2468 840 2561 equitum
870 2469 1026 2561 triginta,
1054 2464 1133 2535 levis

96 2606 274 2660 armaturae
287 2605 422 2661 centum
436 2589 597 2678 millibus,
611 2589 794 2683 elephantis
808 2587 971 2657 trecentis.
990 2583 1134 2656 Proinde

97 2711 249 2780 desinant
272 2711 409 2805 quidam
432 2733 579 2804 quaerere
604 2708 690 2778 ultra
716 2723 775 2776 aut
798 2707 946 2800 opinari,
968 2705 1133 2798 mihique,

95 2835 151 2924 qui
173 2847 386 2928 compertum
407 2833 532 2922 habeo,
554 2831 691 2902 credant
713 2859 721 2904 :
744 2847 803 2901 aut
824 2830 957 2926 quidem
980 2827 1132 2895 vetustis·

95 2953 175 3021 sima
196 2977 285 3022 nave
302 2953 491 3047 impositos,
509 2978 709 3048 quocunque
726 2968 845 3040 vento,
864 2953 898 3018 in
918 2971 1133 3042 quascunque

95 3087 216 3161 terras,
233 3072 361 3166 jubebo
378 3076 511 3144 avehi.»
884 3124 889 3139 .

139 3197 285 3263 LXVII.
311 3192 442 3264 Delicta
459 3221 567 3290 neque
583 3197 778 3266 observabat
796 3196 926 3282 omnia,
945 3215 1052 3286 neque
1070 3215 1131 3284 pro

92 3313 193 3384 modo
210 3291 456 3408 exsequebatur
474 3343 482 3385 :
501 3317 558 3386 sed
576 3315 780 3386 desertorum
799 3342 836 3384 ac
853 3315 1082 3384 seditiosorum
1100 3326 1132 3377 et

91 3435 275 3527 inquisitor
300 3449 332 3503 ct
353 3438 489 3528 punitor
511 3441 711 3522 acerrimus,
732 3437 928 3506 connivebat
947 3435 980 3502 in
1004 3433 1128 3502 ceteris.

2 3573 3 3586 *
90 3557 139 3621 Ac
169 3579 417 3648 nonnunquam
443 3571 518 3650 post
547 3583 699 3652 maguam
728 3580 874 3650 pugnam
901 3569 1000 3647 atque
1026 3553 1131 3618 victo·

89 3673 197 3762 riam,
231 3679 370 3746 remisso
402 3679 585 3748 officiorum
619 3703 776 3762 munere,
805 3675 970 3745 licentiam
1000 3697 1131 3742 omnem

88 3797 216 3884 passim
241 3793 433 3865 lasciviendi
455 3797 685 3891 permittebat;
709 3798 832 3890 jactare
857 3792 991 3883 solitus,
1015 3796 1132 3864 milites

86 3936 170 3981 suos
194 3917 295 3984 eoum
321 3931 543 4011 unguentatos
568 3917 647 3989 dene
663 3924 824 4017 pugnare
835 3943 938 4013 posse
956 3949 966 3986 :
987 3945 1047 3987 nec
1068 3923 1129 3988 mi·

84 4033 158 4102 lites
176 4059 242 4103 eos
258 4059 318 4128 pro
336 4039 514 4126 concione,
533 4039 590 4108 sed
609 4035 772 4108 blandiori
790 4042 923 4109 nomine
939 4042 1128 4112 commmo-

84 4181 144 4226 nes
169 4157 385 4253 appellabat:
409 4159 615 4254 habebatque
639 4175 706 4229 tam
730 4161 855 4252 cultos,
879 4179 917 4231 ut
940 4178 1076 4257 argento
1098 4179 1130 4230 et

956 4280 985 4345 3.
