3114 5446
450 514 505 587 ¹7⁸
851 513 882 569 (ὲ
903 511 1079 569 811ΕΤο1111

451 639 495 709 ad
514 663 549 709 33
566 635 685 708 deduci
708 637 900 732 imperavit,
925 639 1078 730 intraque
1098 660 1220 730 paucos
1238 637 1307 710 dies
1317 642 1465 736 repudia·

449 773 521 846 tam
539 757 675 827 biennio
690 771 766 851 post
783 755 960 851 relegavit,
972 757 1062 850 quod
1078 758 1231 850 repetisse
1247 777 1343 828 usum
1363 763 1467 854 prioris

451 879 562 948 mariti
585 893 734 970 tempore
759 876 870 944 medio
890 875 1073 945 videbatur.
1097 875 1161 946 Alii
1182 877 1335 967 tradunt,
1353 879 1469 950 adhibi-

344 1035 345 1042 *
451 1013 525 1067 tum
545 1021 645 1067 uoenae
665 993 827 1090 nuptiali,
847 994 1018 1064 mandasse
1036 994 1077 1064 ad
1099 998 1270 1084 Pisonem,
1292 992 1406 1067 eontra
1423 1025 1467 1068 ae·

448 1117 677 1203 eumbentem,
694 1115 801 1186 «Noli
816 1139 953 1184 uxorem
969 1139 1075 1184 meam
1091 1135 1241 1210 premere
1255 1143 1263 1185 :
1276 1147 1293 1182 3
1306 1120 1469 1212 statimque

447 1251 482 1307 et
505 1237 659 1306 convivio
686 1234 860 1304 abduxisse
884 1258 981 1320 eam,
1006 1259 1044 1304 ac
1067 1236 1219 1328 proximo
1247 1234 1301 1306 die
1325 1237 1469 1319 edixisse,

448 1379 706 1431 nsrnrnoruurr
725 1379 789 1425 stur
805 1377 991 1424 nnrnnrun
1012 1377 1174 1424 exnurno
1191 1360 1337 1426 Renum
1354 1361 1469 1448 33113-

449 1499 562 1550 33331.
580 1473 723 1546 Lolliam
741 1473 932 1558 Paulinam,
949 1474 987 1542 C.
1009 1475 1168 1542 Memmio
1186 1472 1368 1563 consulari,
1386 1499 1471 1544 exer·

449 1598 535 1666 citus
562 1595 710 1690 regenti,
734 1608 903 1688 nuptam,
919 1592 1006 1662 fecta
1028 1595 1196 1663 mentione
1222 1594 1302 1662 aviae
1326 1595 1416 1688 ejus,
1441 1610 1471 1664 ut

450 1717 621 1811 quondam
639 1703 886 1810 pulcherrimae,
898 1715 1008 1783 subito
1022 1739 1060 1782 ex
1075 1715 1246 1808 provincie
1261 1717 1425 1801 evocavit,
1441 1739 1474 1782 ac

448 1834 643 1930 perductam
666 1859 685 1902 3
713 1835 833 1903 marite
857 1834 1030 1926 conjunxit
1058 1834 1141 1918 sibi,
1161 1833 1321 1926 brevique
1349 1835 1474 1906 missam

447 1954 548 2042 feeit,
571 1953 748 2022 interdicto
766 1953 961 2048 cujusquam
981 1953 1015 2021 in
1035 1967 1232 2047 perpetuum
1251 1954 1352 2026 coitu.
1372 1954 1474 2022 0333-

449 2074 559 2160 niam,
580 2097 687 2166 neque
712 2061 795 2142 facie
818 2071 961 2166 insigni,
987 2094 1094 2164 neque
1119 2085 1214 2140 aetate
1238 2071 1389 2166 integra,
1412 2097 1477 2140 ma·

449 2207 599 2286 tremque
620 2193 690 2286 jem
710 2216 751 2260 ex
773 2189 839 2260 3113
859 2192 932 2260 viro
955 2191 1057 2259 trium
1081 2187 1244 2273 filiarum,
1265 2190 1322 2260 sed
1344 2191 1478 2260 luxurie

446 2337 486 2381 33
504 2310 644 2380 lasciviae
664 2309 817 2404 perditae,
834 2324 868 2378 et
884 2309 1053 2378 ardentius
1068 2323 1101 2378 et
1117 2312 1321 2379 constantius
1338 2311 1478 2379 amavit:

447 2445 485 2500 ut
503 2453 588 2524 saepe
605 2429 778 2524 chlamyde
802 2427 955 2522 peltaque
972 2443 1008 2497 et
1026 2426 1115 2522 galea
1137 2443 1310 2517 ornatam,
1329 2453 1372 2498 ac
1391 2431 1481 2524 juxta

446 2550 713 2644 adequitantem,
738 2547 898 2618 militibus
921 2547 1120 2636 ostenderit3
1145 2549 1257 2618 amicis
1280 2571 1364 2617 vero
1387 2552 1479 2618 etiam

447 2669 580 2740 nudam.
596 2671 706 2758 Quam
722 2671 851 2738 enixam
868 2669 986 2738 uxorio
1005 2669 1139 2738 nomine
1155 2667 1310 2761 dignatus
1329 2682 1401 2754 est,
1418 2691 1483 2734 333

446 2805 545 2884 atque
565 2789 682 2858 eodem
700 2788 755 2857 die
775 2787 961 2882 professus,
980 2802 1014 2856 et
1031 2789 1187 2858 maritum
1207 2811 1241 2856 33
1262 2787 1355 2878 ejus,
1374 2801 1410 2855 et
1428 2811 1484 2879 pa-

446 2923 530 2978 trem
549 2907 683 2976 infantis
704 2933 744 2976 ex
761 2931 800 2976 33
818 2921 911 2975 natae.
928 2905 1093 2975 Infantem
1109 2920 1236 2993 autem,
1253 2903 1380 2976 Juliam
1395 2909 1485 2975 Dru·

446 3025 553 3102 sillam
583 3025 805 3120 appellatam,
836 3049 895 3120 per
920 3027 1070 3094 omnium
1094 3025 1230 3094 dearum
1262 3023 1391 3119 templa
1424 3027 1488 3092 cir·

446 3144 650 3232 cumferens,
674 3147 833 3214 Minervae
852 3145 979 3239 gremio
1002 3145 1180 3238 imposuit,
1203 3143 1433 3237 alendamque
1458 3157 1491 3210 et

446 3264 681 3333 instituendam
693 3263 949 3332 commendavit.
960 3265 1032 3333 Nee
1048 3262 1117 3334 3113
1131 3262 1278 3332 firmiore
1292 3263 1426 3333 indicio
1441 3263 1491 3332 sui

445 3383 580 3451 seminis
598 3407 666 3452 esse
685 3382 858 3469 credebat,
880 3405 980 3476 quarn
999 3381 1162 3451 feritatis:
1182 3405 1256 3475 que
1278 3381 1327 3450 illi
1350 3407 1494 3477 quoqne

445 3515 537 3572 tanta
550 3501 620 3595 jam
641 3517 721 3571 tunc
741 3517 830 3589 erat,
850 3515 887 3571 ut
904 3501 1029 3571 infestis
1050 3499 1162 3595 digitis
1177 3525 1236 3570 ora
1254 3513 1287 3570 et
1302 3500 1434 3571 oculos
1451 3503 1495 3569 si·

446 3619 516 3690 mul
538 3619 722 3691 ludentium
743 3621 920 3690 infantium
941 3623 1125 3690 incesseret.

490 3741 613 3808 XXVI.
633 3743 727 3830 Leve
740 3763 779 3808 ac
798 3738 955 3833 frigidum
972 3741 1015 3808 sit
1031 3739 1083 3808 his
1098 3737 1238 3828 addere,
1256 3763 1327 3833 quo
1345 3743 1499 3837 propin·

443 3883 527 3951 quos
551 3859 739 3950 amicosque
765 3872 864 3951 pacto
892 3861 1098 3945 tractaverit,
1123 3856 1373 3946 Ptolemaeum,
1406 3863 1500 3954 regis

444 3978 536 4046 Jubae
552 3976 675 4064 fitium,
691 3977 927 4046 consobrinum
941 4001 1037 4046 suum
1052 3978 1238 4072 (eratenim
1255 3991 1287 4046 et
1303 3979 1336 4046 is
1356 3983 1414 4049 M.
1431 3984 1505 4050 An-

445 4098 526 4164 tonii
542 4122 581 4165 ex
601 4096 716 4167 Selene
737 4095 804 4165 filia
822 4094 959 4190 nepos),
979 4098 1063 4165 etin
1082 4097 1197 4190 primis
1217 4098 1332 4190 ipsum
1353 4103 1504 4170 Macro·
