3168 5440
433 523 484 580 ria
676 523 680 534 '
762 521 765 530 ¹
901 527 1016 582 NOTAE

467 642 496 697 C.
511 643 648 696 Memmii.
670 639 744 696 Vide
765 659 868 714 supra,
888 661 972 697 xxm.

466 733 497 788 C.
518 732 612 788 Calvo.
635 731 709 788 Vide
727 751 828 806 supra,
847 751 924 788 xurx.

464 825 597 880 ramosa.
616 825 652 881 Η.
670 843 694 880 e.
714 825 828 882 cesaris
846 827 948 881 famam
961 826 1100 882 ledentia.

469 915 625 972 Ver-riculis.
643 919 726 986 Quos
739 918 864 991 reperias
881 917 960 992 apud
978 919 1096 988 Catuli,
1112 933 1210 974 mut

530 1067 591 1130 Quis
601 1067 649 1118 hoc
660 1077 739 1134 potest
748 1067 841 1128 videte.
854 1069 907 1134 quis
920 1078 996 1134 potest
1010 1069 1073 1136 pati,

529 1149 583 1201 Nisi
593 1151 742 1218 inpudico,
756 1161 780 1201 et
792 1167 879 1213 vorax,
893 1161 919 1202 ot
929 1153 996 1212 eleo,

529 1237 678 1284 Mamurram
689 1233 795 1294 habere,
808 1233 874 1300 quod
882 1235 978 1284 Comata
992 1234 1071 1285 Gallie

528 1316 655 1378 Habebat,
669 1317 737 1367 uncti
750 1353 758 1379 ,
772 1325 796 1368 et
807 1317 891 1366 ultima
904 1317 1036 1368 britannia.

464 1457 531 1514 css.
544 1457 679 1515 Lxxrv.
698 1459 822 1514 Piraeus.
840 1459 916 1514 Vide
929 1477 1032 1533 snpra,
1051 1477 1092 1514 rr.

461 1551 599 1622 lugatart
618 1549 707 1605 Viros
725 1550 802 1606 cruci
817 1549 950 1626 suffigere
966 1551 1055 1606 moris
1069 1559 1144 1621 erat;
1157 1550 1264 1623 piratas
1280 1549 1373 1606 ew
1388 1548 1467 1624 prius

420 1639 656 1718 jugulari'jussit,
671 1659 775 1714 nempe
791 1653 825 1696 ut
837 1641 931 1698 minus
946 1643 1080 1698 acerbum
1097 1652 1169 1698 esset
1180 1639 1362 1716 supplicium.

462 1732 603 1806 rtagrtoe.
623 1734 651 1788 is
669 1733 752 1788 Sullae
770 1733 902 1802 libertus,
923 1733 960 1790 de
980 1753 1041 1808 quo
1054 1752 1140 1806 snpra
1156 1752 1177 1787 ι.

463 1829 491 1880 A
508 1842 603 1879 mauu.
629 1825 666 1880 Η.
689 1842 713 1880 e.
735 1843 951 1892 amanuensem,
968 1845 1029 1900 quo
1051 1843 1114 1882 sens
1153 1826 1196 1879 od
1210 1843 1327 1880 monum
1347 1823 1378 1878 in
1395 1823 1466 1894 Cic,

422 1916 459 1972 de
477 1918 574 1983 Ome,
590 1935 644 1985 ιιι,
664 1915 702 1972 60
721 1935 728 1970 ι
743 1919 858 1988 «Quem
874 1937 986 1974 serrano
999 1919 1046 1974 ille
1059 1917 1227 1974 sibihabuit
1244 1915 1281 1972 ad
1295 1933 1421 1972 manum.
1435 1939 1449 1967 ι
1486 1937 1489 1946 ’

462 2008 569 2064 Puuiit.
583 2009 694 2082 Nerupe
710 2018 743 2062 ut
760 2027 820 2064 uon
835 2020 929 2066 tortus
945 2010 1052 2084 periret
1070 2031 1077 2064 ι
1092 2008 1228 2066 Romanis
1240 2007 1317 2064 enim
1338 2009 1381 2064 ias
1394 2018 1466 2079 erat,

421 2117 519 2155 servos
540 2099 671 2173 torqueri
697 2109 763 2154 ante
783 2101 968 2176 supplicium,
990 2102 1013 2157 si
1035 2111 1138 2158 eontra
1161 2100 1293 2156 dominos
1303 2099 1463 2173 ,conspira-

423 2190 537 2247 rissent.

463 2283 497 2338 P.
511 2282 649 2340 Clodium.
668 2283 743 2339 Vide
758 2301 845 2356 supra
855 2325 864 2354 ,
874 2304 919 2340 ιι.

463 2375 530 2430 Car.
546 2375 665 2430 LXXV.
689 2375 1004 2452 Desur'sserrt.1ntcllige
1022 2377 1074 2450 qui
1093 2396 1157 2434 snas
1173 2386 1269 2450 partes
1293 2379 1386 2432 secuti
1408 2391 1463 2430 nou

426 2465 554 2522 fuissent.

462 2559 583 2616 Medios.
598 2559 633 2615 Η.
653 2577 677 2616 e.
698 2559 748 2633 qni
765 2577 860 2634 neque
876 2559 1026 2616 &ofiani
1038 2579 1133 2635 neque
1145 2561 1312 2635 Pompeiani
1324 2569 1427 2616 essent.

468 2649 599 2706 Onlirres.
619 2651 752 2708 Subaudi
767 2652 911 2708 ducendos
920 2655 931 2719 ,'
948 2651 967 2707 i.
981 2669 1007 2708 e.
1025 2671 1099 2726 quos
1112 2653 1293 2710 centuriones
1311 2652 1427 2708 secant.

460 2743 643 2800 Paenitentia.
661 2745 772 2818 Nempe
784 2754 875 2818 pactae
894 2741 1076 2800 conditionis.

462 2836 521 2892 Nec
537 2836 592 2890 ulli
601 2835 722 2909 pen'sse.
743 2835 801 2891 Cic.
820 2853 877 2908 pro
898 2835 1011 2909 Ligur,
1030 2853 1083 2890 vr:
1102 2837 1195 2908 «Quis
1212 2854 1272 2892 non
1291 2853 1355 2890 earn
1381 2835 1465 2891 victo·

421 2928 493 2984 riam
511 2928 633 3000 probet,
648 2927 679 2982 in
699 2945 757 3000 qua
768 2926 906 2984 occiderit
921 2945 1020 2994 nemo,
1036 2927 1089 2982 uisi
1103 2927 1273 2984 armatus?-

462 3019 502 3100 Bt
515 3019 628 3074 Fausto.
659 3021 772 3074 Auctor
797 3021 871 3074 Bell.
898 3017 1007 3091 Afric,
1024 3037 1080 3075 xcv
1104 3039 1111 3075 ε
1131 3019 1257 3076 «Paucis
1273 3030 1342 3094 post
1368 3020 1464 3076 diebus

421 3109 595 3168 dissensione
608 3109 638 3164 in
652 3109 779 3166 exercitu
795 3121 873 3180 orta,
888 3109 1009 3167 Faustus
1022 3111 1200 3167 etAiranius
1222 3109 1464 3167 interficiuntur.»

459 3205 491 3260 L.
514 3201 740 3272 Caerarejurene.
754 3202 842 3258 Filius
855 3212 916 3256 erat
932 3203 965 3257 L.
985 3203 1116 3274 Cum-is,
1133 3204 1218 3280 iegati
1236 3204 1267 3260 C.
1282 3203 1411 3272 casaris,
1430 3202 1465 3258 de

420 3293 502 3368 cujus
517 3305 595 3352 sorte
616 3295 691 3350 inter
707 3312 736 3350 se
753 3304 885 3350 auctores
905 3313 966 3350 non
984 3295 1173 3352 consentiunt.
1195 3295 1270 3351 Vide
1291 3306 1367 3350 auct.
1392 3296 1462 3350 Bett.

420 3385 527 3459 Afir'c„
547 3404 657 3442 uxum
689 3387 796 3458 Dion,
813 3404 903 3456 xum,
922 3403 988 3460 ²19·

460 3481 554 3554 Atque
574 3478 716 3554 Pompeii.
740 3479 900 3548 Plutarch„
920 3477 1053 3552 Apoph„
1072 3497 1101 3552 p.
1124 3477 1180 3534 205
1202 3498 1210 3533 ε
1231 3478 1293 3540 rimi
1313 3483 1344 3540 rt
1367 3487 1463 3553 Ratae?

420 3557 545 3652 secedunt
560 3581 605 3642 τὰς
621 3577 749 3650 Πομπηΐου
763 3575 984 3649 ιιιιταὸιὸλημίιιις
995 3581 1087 3640 ιίιιόιιις
1105 3581 1227 3636 ἀνίστησι
1241 3581 1307 3650 urst
1320 3587 1406 3650 τιμῆς,
1422 3580 1466 3645 loe

420 3671 477 3743 erpi
497 3676 572 3726 αὑτοῦ
585 3674 688 3743 λέγεινὸ
707 3674 815 3744 Κικέρων
831 3673 868 3724 ὅτι
884 3677 926 3724 τοῦ
945 3671 1074 3742 Πομπηΐου
1095 3675 1194 3742 Καῖσαρ
1217 3671 1287 3732 ἱστὰς
1308 3667 1468 3742 ἀνδριάντας,

421 3765 466 3824 τὰς
483 3768 569 3818 iecerit
585 3765 699 3834 πήγνυσι.

462 3859 593 3916 Coecinoe.
617 3863 771 3916 Burmann.
797 3861 873 3918 hunc
895 3861 1115 3916 Volaterranum
1131 3879 1190 3918 esse
1212 3871 1310 3935 putat,
1329 3875 1383 3934 pro
1403 3874 1465 3932 qno

424 3951 524 4008 Cicero
541 3953 699 4008 orationem
711 3951 822 4007 habuit.
836 3953 945 4006 Ernest.
965 3952 1089 4008 incertus
1105 3962 1153 4008 est.

462 4045 555 4101 riom.
567 4044 641 4101 Vide
655 4046 732 4114 Cro,
750 4045 843 4117 Epist.
861 4044 903 4097 ad
917 4045 999 4098 Fam.
1007 4083 1018 4111 ,
1036 4043 1098 4100 5-8.

461 4134 598 4190 Pitholai.
612 4138 655 4191 De
668 4136 724 4190 hoc
737 4135 865 4189 Macrob.
873 4175 882 4206 ,
899 4133 1007 4189 Sarum.
1025 4153 1063 4206 n,
1079 4153 1105 4191 a.
