3098 5446
464 534 726 594 VESPASIANUS.
1086 541 1122 614 39

98 665 267 757 jicerentrlr.
298 661 375 755 Egit
402 673 436 727 et
463 660 586 753 gratias
606 662 637 728 ei
662 659 753 754 apud
773 649 1014 756 amplissimum
1031 663 1121 732 ordi·

22 767 23 770 ¹
99 806 179 870 nem,
196 781 285 876 quod
303 805 339 850 sc
354 781 482 850 honore
495 805 596 848 coeuae
608 779 766 874 dignatus
780 796 876 850 esset.

137 907 189 973 Ill.
217 907 312 972 luter
332 903 403 972 baec
428 901 578 971 Flauiam
607 900 817 971 Domitillam
850 903 946 974 duxit
967 931 1122 993 uxorem,

96 1023 200 1094 Statilii
216 1021 378 1118 Capellae,
400 1022 520 1116 equitis
540 1023 685 1110 romani,
706 1023 913 1093 Sabratensis
930 1050 970 1094 ex
992 1025 1124 1115 Africa,

97 1143 253 1214 delicatam
277 1142 379 1230 olim,
409 1136 588 1236 latinaeque
607 1142 825 1227 conditionis,
849 1143 906 1213 sed
929 1170 1007 1214 mox
1032 1148 1124 1241 ing'e·

96 1289 181 1336 nnarn
197 1279 229 1334 et
248 1269 352 1334 civem
373 1288 545 1332 romanam
567 1265 816 1356 recuperatorio
835 1263 960 1358 judicio
974 1290 1123 1359 pronun-

95 1389 223 1474 ciatam,
241 1399 336 1480 patre
350 1398 516 1453 asserente
531 1384 647 1453 Flavio
664 1382 825 1470 Liberali,
841 1386 975 1454 Ferenti
992 1387 1123 1480 genito,

96 1507 339 1600 necquicquam
362 1503 505 1599 amplius
528 1529 630 1597 qnam
653 1507 831 1596 quaestorio
852 1505 970 1575 scriba.
989 1508 1040 1574 Ea
1061 1507 1125 1576 hac

93 1625 202 1697 liberos
235 1625 312 1697 tulit
338 1627 473 1712 Titum,
504 1639 538 1694 et
565 1625 817 1713 Domitianum,
834 1635 883 1694 'et
906 1625 1123 1695 Domitillam.

94 1749 187 1816 Uxori
197 1773 236 1816 ac
252 1746 327 1817 filias
341 1760 511 1840 superstes
526 1746 608 1829 fuit,
626 1760 726 1839 atque
740 1760 918 1838 utramque
933 1745 1042 1816 adhuc
1056 1748 1123 1841 pri·

93 1883 174 1937 ratus
189 1869 310 1937 amisit.
327 1871 408 1936 Post
427 1868 542 1936 uxoris
561 1891 747 1953 excessum,
765 1865 952 1954 Caenidem,
972 1870 1125 1936 Antoniae

91 1987 231 2060 libertam
258 2004 329 2058 eta
354 2014 470 2074 manat,
497 1986 651 2058 dilectam
668 1987 837 2082 quondam
858 1988 938 2076 sibi,
959 1992 1127 2058 revocavit

92 2110 121 2177 in
133 2110 403 2196 contubernium,
426 2109 610 2202 habuitque
620 2110 720 2178 etiam
734 2110 915 2203 imperator
925 2133 1018 2203 paene
1030 2111 1126 2204 justae

91 2233 190 2300 uxoris
210 2229 297 2300 loco.

130 2354 187 2421 lv.
205 2349 350 2422 Claudio
362 2351 534 2445 principe,
547 2353 696 2421 Narcissi
713 2353 818 2446 gratia
840 2351 970 2446 legatus
987 2351 1126 2447 legionis
1238 2401 1244 2413 -

90 2474 120 2540 in
136 2473 352 2544 Germaniam
378 2473 497 2541 missus
513 2487 562 2541 est
582 2471 684 2540 :inde
702 2474 735 2540 in
757 2473 965 2542 Britanniam
988 2471 1126 2542 transla-

89 2607 152 2682 tus,
170 2597 281 2664 tricies
299 2619 376 2663 cum
396 2594 491 2662 hoste
512 2592 671 2662 conflixit.
692 2597 785 2662 Duas
806 2592 1023 2664 validissimas
1047 2621 1126 2689 gen·

89 2725 150 2801 les,
169 2740 338 2810 superque
364 2715 482 2808 viginti
500 2712 640 2808 oppida,
660 2727 693 2782 et
711 2711 852 2781 insulam
871 2717 1027 2803 Vectem,
1050 2719 1125 2785 Bri·

88 2837 199 2906 tanniae
232 2837 438 2931 proximam,
469 2837 503 2903 iu
532 2835 690 2904 ditionem
724 2833 869 2929 redegit,
898 2838 1018 2930 partim
1049 2837 1124 2906 Auli

86 2953 198 3026 Plautii
225 2957 330 3050 legati
355 2952 560 3042 consularis,
587 2957 708 3049 partim
728 2953 860 3026 Claudii
884 2957 987 3051 ipsius
1010 2958 1123 3026 drictu.

85 3079 192 3165 Quare
221 3074 439 3170 triumphalia
467 3091 688 3162 ornamenta,
706 3091 739 3146 et
764 3079 797 3145 in
819 3076 914 3147 brevi
928 3079 1034 3172 spatio
1065 3078 1126 3147 du·

86 3195 152 3288 pler
173 3197 400 3268 sacerdotium
421 3199 549 3291 accepit
570 3223 578 3266 ε
596 3213 755 3292 praeterea
775 3198 1005 3288 consulatum,
1025 3224 1124 3293 quem

84 3319 176 3410 gessit
189 3343 253 3413 per
264 3317 349 3386 duos
360 3314 558 3386 novissimos
570 3319 650 3386 anni
665 3342 812 3387 menses:
827 3319 972 3388 medium
984 3332 1125 3414 tempus,

84 3436 121 3502 ad
131 3436 411 3530 proconsulatum
423 3463 546 3531 usque,
562 3440 595 3506 in
614 3439 683 3506 otio
701 3463 895 3533 secessuque
912 3439 990 3535 egit,
1004 3441 1125 3534 Agrip-

83 3557 191 3647 pinam
211 3561 353 3646 timens,
375 3573 546 3653 potentem
560 3557 670 3628 adhuc
687 3558 777 3654 apud
795 3559 918 3648 hlium,
935 3575 968 3629 et
978 3557 1126 3628 defuncti

83 3701 212 3774 quoque
238 3680 387 3754 Narcissi
415 3681 539 3750 amicos
571 3704 734 3773 perosam.
764 3682 852 3748 Exin
877 3681 1014 3748 sortitus
1037 3677 1125 3748 Afri·

82 3821 167 3886 cam,
185 3801 405 3895 integerrime
422 3825 482 3868 nec
499 3801 569 3868 sine
580 3825 701 3894 magua
715 3801 907 3893 dignatione
918 3797 1129 3868 administra·

81 3918 140 4004 vit;
154 3921 220 3988 nisi
234 3919 328 4015 quod
340 3919 533 4010 Adrumeti,
552 3919 716 3990 seditione
725 3919 887 4014 quadam,
903 3943 984 4012 rapa
1005 3919 1038 3986 in
1051 3941 1126 3986 eum

79 4038 166 4130 jacta
184 4053 277 4109 sunt.
293 4039 406 4110 Rediit
420 4055 508 4110 certe
522 4040 628 4111 nihilo
650 4038 856 4134 opulentior,
874 4054 909 4108 ut
928 4039 1004 4131 qui,
1022 4062 1127 4132 prope

81 4153 245 4230 labefacta
256 4161 324 4253 jam
345 4160 424 4248 fide,
438 4162 551 4230 omnia
565 4162 688 4257 praedia
704 4161 799 4230 fratri
817 4159 993 4255 obligarit,
1015 4183 1127 4226 neces-
