3138 5438
394 511 431 570 56
800 515 829 570 C.
850 517 1024 572 sUEwNu
1097 529 1099 532 '

393 636 483 706 ditus
505 639 568 724 sit,
587 638 681 731 quasi
700 663 863 708 venenum
884 637 1014 708 vulneri
1033 637 1213 710 indidisset
1234 639 1356 734 adjicit
1375 637 1428 706 hia

393 757 544 850 Aquilius
560 760 676 853 Niger,
691 757 832 830 alterum
851 785 870 827 e
885 756 1078 828 consulibus
1092 761 1238 828 Hirtium
1256 762 1291 827 in
1306 781 1428 854 pugnae

394 875 541 946 tumultu
562 879 605 946 ab
624 880 696 972 ipso
716 879 960 972 interemptum.

441 999 517 1067 XII.
545 995 610 1066 Sed
624 1011 662 1065 ut
675 999 847 1090 cognovit,
860 1000 1041 1069 Antonium
1056 1015 1132 1096 post
1144 999 1256 1092 sugam
1269 1021 1289 1066 a
1301 999 1349 1066 M.
1364 999 1429 1064 Le·

393 1114 473 1209 pido
488 1129 676 1210 receptum,
692 1128 883 1210 ceterosque
897 1116 996 1186 duces
1013 1133 1048 1187 et
1063 1118 1225 1186 exercitus
1241 1114 1429 1184 consentire

393 1259 455 1328 pro
469 1233 636 1328 partibus,
652 1257 784 1304 causam
800 1236 1013 1328 optimatium
1029 1237 1099 1306 sine
1110 1235 1323 1304 cunctatione
1338 1233 1430 1302 dese·

394 1353 481 1438 ruit,
512 1352 554 1422 ad
579 1367 775 1446 praetexutm
799 1367 935 1422 mutatae
955 1353 1137 1424 voluntatis
1160 1353 1250 1422 dicta
1274 1351 1428 1444 factaque

393 1472 615 1566 quorumdam
635 1471 855 1541 calumniatus
874 1499 882 1540 ε
902 1474 996 1566 quasi
1013 1473 1069 1542 alii
1089 1499 1124 1543 se
1142 1497 1350 1568 «puerum»
1369 1464 1428 1540 alii

394 1592 611 1662 «ornandum
637 1590 916 1685 tollendumque»
940 1595 1140 1686 jactassent,
1168 1617 1229 1662 nec
1257 1607 1315 1661 aut
1342 1591 1428 1676 sihi,

394 1728 452 1782 aut
471 1715 633 1782 veteranis
651 1737 712 1807 par
730 1715 837 1808 gratia
852 1713 1039 1782 referretur.
1056 1719 1099 1784 Et
1115 1737 1183 1806 quo
1201 1713 1303 1806 magis
1322 1713 1429 1805 poeni-

396 1833 533 1904 tentiam
546 1833 666 1925 prioris
681 1845 775 1900 tectae
788 1832 1003 1925 approbaret,
1016 1833 1181 1901 Nursinos
1196 1829 1313 1924 grandi
1328 1853 1430 1923 pecn-

396 1952 466 2038 nia,
482 1965 515 2020 et
528 1975 629 2043 quam
641 1949 786 2043 pendere
799 1951 993 2043 nequirent,
1009 1949 1181 2036 multatos,
1191 1965 1342 2020 'extorret
1358 1951 1430 2043 egit

396 2067 538 2162 oppido,
552 2069 642 2161 quod
656 2070 839 2139 Mutinensi
852 2071 922 2138 acie
937 2069 1214 2162 interemptorum
1231 2069 1352 2138 civium
1370 2082 1429 2136 tu-

395 2165 486 2256 mulo
504 2185 634 2280 publice
650 2201 818 2258 exstructo
836 2189 1074 2282 ascripserant,
1091 2191 1182 2256 «Pro
1201 2185 1352 2256 libertate
1368 2211 1429 2256 eos

395 2307 595 2376 occubuisse.
606 2337 625 2372 u

441 2427 534 2496 xm.
559 2428 646 2498 Inita
663 2451 739 2496 cum
756 2430 902 2498 Antonio
918 2443 952 2496 et
967 2429 1095 2522 Lepido
1115 2430 1287 2514 societate,
1301 2425 1430 2521 Philip-

394 2569 494 2638 pense
513 2569 644 2638 quoque
659 2543 797 2634 bellum,
814 2569 1015 2638 quamquam
1030 2545 1194 2616 invalidus
1209 2560 1309 2638 atque
1323 2569 1429 2640 eger,

394 2663 518 2758 duplici
536 2662 654 2758 proelio
670 2667 830 2758 transegit
847 2690 856 2732 ε
874 2687 1016 2757 quoru-m
1034 2667 1145 2760 priore
1161 2666 1275 2734 caetris
1290 2678 1429 2748 exutus,

393 2784 448 2850 vix
466 2782 509 2852 ad
526 2784 662 2854 Antonii
678 2807 785 2852 cornu
801 2781 878 2876 tinga
896 2798 1054 2852 evaserat.
1071 2785 1142 2853 Nec
1158 2807 1342 2852 successum
1360 2784 1430 2852 vic-

325 2971 329 2978 ,
393 2898 486 2972 toriae
502 2901 692 2972 moderatus
707 2915 774 2987 eat3
792 2901 849 2969 sed
868 2903 975 2995 capite
993 2903 1088 2970 Bruti
1104 2907 1244 2972 Romam
1258 2903 1372 2987 utiam,
1387 2917 1430 2970 nt
1509 2885 1519 2893 ’

394 3033 508 3092 ttatuae
526 3021 663 3090 Caeaaris
682 3021 917 3114 subjiceretur,
939 3025 974 3090 in
994 3020 1294 3114 splendidissimum
1313 3044 1430 3114 quem·

393 3163 459 3232 que
475 3138 642 3231 captivum
660 3164 728 3208 non
746 3141 816 3208 aine
831 3141 1010 3210 verborum
1028 3137 1230 3209 contumelia
1247 3140 1366 3220 saeviit,
1386 3154 1430 3207 ut

394 3257 528 3350 quidem
543 3260 601 3328 uni
621 3257 815 3352 suppliciter
833 3258 1036 3352 sepulturum
1054 3259 1202 3352 precanti
1217 3257 1429 3353 reapondisse

394 3375 542 3464 dicatur,
558 3381 658 3450 «tam
672 3379 769 3452 istam
786 3375 959 3446 volucrum
976 3377 1046 3446 sore
1063 3391 1310 3472 potestatem»
1326 3373 1428 3468 alios,

394 3510 523 3590 patrem
541 3495 707 3582 etlilium,
725 3522 787 3591 pro
805 3499 873 3566 vita
886 3511 1058 3591 rogantes,
1074 3499 1186 3566 sortiri-
1202 3495 1252 3566 vel
1269 3497 1429 3568 dimicare

328 3624 330 3628 '
392 3617 539 3708 jussisse,
555 3631 594 3684 ut
609 3615 761 3686 alterutri
777 3613 1012 3720 concederetnp
1026 3641 1040 3708 ⁴:
1061 3640 1099 3684 ac
1116 3631 1278 3710 spectasse
1292 3623 1428 3686 utrum-

393 3759 458 3826 que
477 3735 692 3818 morientem,
711 3759 813 3826 quum
830 3747 942 3826 patre,
963 3728 1075 3828 quiae
1093 3733 1276 3822 obtulerat,
1296 3739 1428 3826 occiso,

393 3851 480 3922 filius
508 3878 639 3948 quoque
669 3853 890 3924 voluntariam
920 3855 1129 3924 occubuisset
1156 3881 1281 3928 necem
1310 3859 1428 3948 Quare

394 3974 511 4060 ceteri,
532 3974 567 4046 in
585 3971 637 4044 bis
653 3974 702 4042 Μ.
721 3973 901 4061 Fauonius,
923 3970 978 4041 ille
998 3975 1134 4042 Catonis
1151 3975 1302 4064 aemulus,
1321 3985 1428 4070 quum

396 4093 537 4158 catenati
561 4089 840 4184 producerentur,
860 4093 1056 4184 imperatore
1077 4095 1222 4164 Antonio
1243 4095 1430 4166 honorifice
