3114 5446
418 482 474 542 nil.
825 475 855 529 (L
875 473 1052 532 SUE‘IIONII

418 601 563 672 bementi
575 599 686 673 Circio
698 598 749 666 bis
764 621 856 692 poene
871 597 1039 668 demersus
1055 612 1122 684 est,
1141 622 1246 692 prope
1263 597 1452 692 Liguriam,

413 721 575 814 juxtaque
593 719 784 790 Stoecbadas
800 717 933 789 insulas.
952 720 1083 811 Quare,
1097 745 1118 789 a
1133 716 1281 790 Massilia
1296 719 1451 790 Gesoria-

418 864 493 910 cum
517 864 622 933 usque
645 839 789 934 pedestri
815 840 931 908 itinere
950 838 1118 926 confecto,
1146 838 1223 908 inde
1249 839 1451 908 transmisit:

416 984 455 1028 ac
473 960 544 1030 sine
562 957 631 1028 ullo
648 956 766 1053 proelio
782 973 840 1028 aut
860 959 1020 1053 sangnine
1041 960 1129 1028 intra
1142 957 1365 1053 'paucissimos
1383 957 1453 1026 dies

417 1093 511 1172 parte
532 1077 648 1150 insula
671 1080 707 1151 io
728 1077 932 1152 deditionem
949 1093 1095 1176 recepta,
1114 1091 1224 1166 sexto,
1251 1103 1352 1172 quam
1375 1101 1453 1174 pro·

417 1198 520 1268 fectus
534 1214 621 1287 erat,
634 1223 747 1268 mense
765 1203 906 1270 Romam
923 1199 1037 1285 rediit,
1055 1181 1336 1292 triumphauitque
1350 1198 1455 1266 maxi·

417 1343 472 1388 mo
489 1333 662 1412 apparatu.
679 1318 732 1389 Ad
744 1319 841 1412 cujus
850 1316 1077 1416 spectaculum
1087 1341 1270 1388 commeare
1279 1317 1314 1386 in
1324 1316 1452 1387 Urbem

417 1463 485 1508 non
512 1437 620 1508 solum
644 1437 838 1534 praesidibus
865 1438 1112 1532 provinciarum
1138 1438 1303 1532 permisit,
1336 1461 1453 1506 verum

417 1559 515 1626 etiarn
534 1555 703 1632 exsulibus
720 1557 939 1650 quibusdam,
956 1569 1055 1650 atque
1077 1558 1162 1626 inter
1176 1554 1305 1626 hostilia
1324 1554 1453 1650 spolia,
1494 1605 1497 1612 .

416 1674 567 1747 navalem
584 1702 742 1748 coronam
756 1677 888 1773 fastigio
906 1675 1058 1770 palatinae
1072 1677 1190 1746 domus
1202 1677 1295 1769 juxta
1313 1677 1454 1746 civicam

416 1796 504 1884 fixit,
530 1799 658 1892 trajecti
685 1811 719 1866 et
740 1799 833 1892 quasi
858 1797 975 1874 domiti
999 1797 1125 1866 Oceani
1147 1797 1284 1891 insigne.
1302 1799 1453 1866 Currum

416 1917 489 2008 ejus
520 1914 700 1986 Messalina
731 1939 815 1984 uxor
846 1903 1007 2010 carpento
1044 1929 1156 1992 secuta
1184 1929 1243 1984 est.
1277 1915 1391 1992 &euti
1419 1917 1466 1983 et*

417 2033 631 2130 triumphalia
650 2049 847 2106 ornamenta
872 2033 988 2106 eodem
1010 2031 1096 2102 bello
1118 2033 1249 2130 adepti,
1271 2033 1330 2104 sed
1350 2035 1454 2103 ceteri

417 2153 556 2247 pedibus
576 2169 610 2224 et
625 2158 664 2226 in
678 2149 856 2249 praete'xta3
872 2157 1011 2230 Crassus
1032 2155 1134 2248 Frugi
1154 2177 1241 2246 equo
1260 2153 1454 2247 phalerato,

416 2287 449 2340 et
465 2275 500 2340 in
514 2289 602 2343 veste
619 2273 778 2368 palmata,
792 2271 884 2366 quod
897 2297 973 2346 eum
989 2272 1152 2342 bonorem
1168 2275 1353 2342 iteraverat.

465 2395 575 2464 xvffl
592 2408 626 2461 et
640 2395 731 2464 XIX.
752 2393 853 2464 Urbis
867 2416 1072 2485 annonasque
1087 2416 1200 2462 curam
1219 2389 1453 2461 sollicitissime

417 2537 546 2606 semper
561 2514 638 2608 egit.
666 2514 780 2602 Quum
798 2510 972 2584 AEmiliana
991 2511 1191 2604 pertinacius
1211 2508 1389 2598 melment,
1415 2513 1452 2582 in

416 2631 602 2702 diribitorio
613 2633 741 2704 duabus
756 2632 909 2702 noctibus
922 2631 1061 2700 mansit:
1075 2655 1113 2700 ac
1123 2628 1295 2699 deficiente
1305 2629 1453 2700 militum

416 2777 454 2820 ac
468 2749 668 2820 familiarum
685 2753 799 2837 turba,
817 2750 940 2820 auxilio
958 2747 1088 2845 plebem
1105 2775 1164 2843 per
1182 2749 1396 2845 magistratus
1412 2775 1452 2818 ex

416 2869 570 2940 omnibus
587 2872 669 2940 vicis
687 2872 900 2956 convocavit,
916 2894 968 2956 ac,
985 2870 1101 2964 positis
1117 2883 1193 2938 ante
1206 2893 1241 2938 se
1255 2893 1331 2938 cum
1351 2893 1455 2962 pecu·

416 2989 471 3056 nia
486 2988 590 3075 fiscis,
611 2989 654 3058 ad
677 2987 939 3059 subveniendum
958 2989 1108 3064 hortatus
1125 3003 1190 3076 est,
1211 3003 1454 3082 repraesentans

416 3129 477 3198 pro
491 3131 593 3199 opera
609 3106 743 3200 dignam
761 3107 882 3200 cuique
897 3105 1091 3176 mercedem.
1105 3109 1256 3180 Arctiore
1267 3120 1379 3176 autem
1392 3132 1455 3176 an·

418 3249 505 3292 nona
522 3225 565 3292 ob
583 3224 730 3294 assiduas
750 3223 951 3314 sterilitates,
976 3226 1129 3298 detentus
1150 3225 1319 3320 quondam
1340 3225 1454 3296 medio

416 3344 502 3412 Foro
523 3368 545 3412 a
567 3343 683 3433 turba,
702 3345 923 3439 conviciisque
939 3361 973 3416 et
994 3344 1092 3415 simul
1116 3345 1332 3440 fragminibus
1355 3349 1454 3440 panis

417 3464 463 3530 ita
480 3462 664 3548 infestatus,
680 3479 718 3533 ut
736 3489 832 3558 aegre,
851 3490 910 3535 nec
927 3467 990 3534 nisi
1002 3467 1141 3559 postico,
1154 3463 1292 3534 evadere
1307 3467 1342 3534 ia
1359 3464 1454 3559 pala·

416 3587 500 3651 tium
516 3581 665 3669 valuerit,
676 3582 757 3652 nihil
775 3609 841 3652 non
858 3610 898 3652 ex
911 3609 951 3653 eo
967 3587 1164 3680 excogitavit
1179 3583 1221 3654 ad
1246 3583 1453 3682 invebendos

416 3704 515 3770 etiarn
538 3704 572 3770 in
594 3716 744 3797 tempore
761 3703 898 3774 hiberno
913 3719 1123 3782 commeatus.
1144 3705 1232 3775 Nam
1248 3719 1282 3772 et
1299 3705 1453 3798 negotia·

418 3821 544 3890 toribus
559 3837 647 3892 carta
666 3821 756 3892 lucra
772 3826 962 3918 proposuit,
986 3839 1139 3918 suscepto
1158 3813 1192 3892 in
1212 3849 1248 3893 se
1260 3823 1406 3914 damno,
1422 3827 1454 3893 si

418 3943 471 4008 cui
490 3943 571 4034 quid
588 3967 646 4037 per
662 3958 871 4036 tempestates
887 3944 1071 4028 accidisset,
1090 3959 1123 4012 et
1143 3958 1451 4014 navesmercaturae

418 4083 515 4129 causa
547 4061 783 4132 fabricantibus
817 4087 936 4157 magna
966 4062 1139 4132 commoda
1166 4065 1355 4153 coustituit,
1390 4089 1456 4158 pro
