3138 5438
440 499 475 552 52
840 501 870 555 C.
893 499 1065 558 SUETONII

441 621 523 695 simo
553 622 763 714 contingebat
792 621 916 714 gradu;
943 623 1139 712 functusque
1166 620 1291 686 honore
1317 627 1462 708 praeturae

440 740 527 808 inter
558 739 762 832 uigintiuiros
789 763 905 833 agrian
936 743 1141 832 Campanum
1171 735 1259 830 plebi
1283 734 1369 803 Julia
1396 733 1461 826 lege

440 857 561 926 divisit.
582 859 706 926 Verum
727 858 813 926 idem
829 860 1011 943 Antonius,
1029 856 1213 949 despiciens
1231 856 1330 923 etiam
1349 867 1462 920 maten

441 1001 516 1044 nam
531 977 670 1068 Augusti
684 977 859 1068 originem,
873 1000 1035 1068 proavum
1044 976 1115 1066 ejus
1129 974 1199 1042 tut
1213 973 1339 1066 generis
1354 971 1462 1054 fuisse,

440 1108 472 1161 et
489 1093 588 1162 modo
607 1095 857 1187 unguentariam
876 1094 1064 1176 tabernam,
1081 1092 1179 1162 modo
1199 1093 1374 1184 pistrinum
1394 1091 1464 1158 Ari·

439 1213 497 1278 ciae
519 1213 715 1298 exercuisse,
735 1213 858 1303 objicit.
881 1213 1011 1280 Cassius
1030 1211 1163 1304 quidem
1183 1210 1367 1279 Parmensis
1385 1233 1462 1300 qua·

440 1329 515 1396 dam
546 1328 703 1422 epistola,
730 1354 796 1396 nou
825 1344 953 1400 tantum
981 1342 1016 1397 ut
1045 1327 1201 1422 pistoris,
1221 1327 1276 1396 aed
1303 1329 1403 1396 etiam
1430 1342 1465 1393 ut

440 1445 652 1515 nummularii
679 1461 848 1540 nepotem,
869 1449 916 1516 sic
941 1462 1030 1516 mxat
1056 1453 1241 1540 Augustum
1264 1472 1272 1513 ε
1291 1449 1466 1514 «Materna

441 1567 500 1633 tibi
525 1566 629 1634 larius
655 1591 695 1634 ex
721 1565 915 1634 crudissimo
938 1567 1056 1637 Aricia
1074 1567 1214 1659 pistrino
1236 1592 1244 1632 :
1264 1565 1350 1633 hanc
1370 1564 1466 1632 ¹linuit

442 1685 594 1752 manibus
618 1683 749 1777 collybo
771 1683 966 1752 decoloratis
989 1682 1225 1754 Nerulonensis
1248 1683 1467 1752 mensarius.»

486 1807 528 1870 V.
556 1805 662 1872 Natus
679 1817 729 1870 est
746 1806 928 1894 Augustus,
945 1805 993 1870 Μ.
1011 1801 1123 1870 Tullio
1139 1804 1299 1872 Cicerone
1314 1816 1347 1870 et
1363 1807 1472 1871 Anto-v

441 1923 497 1988 nio
517 1919 727 2006 consulibus,
749 1945 783 1988 rx
805 1919 960 1988 kalendas
981 1921 1152 2007 octobres,
1172 1919 1272 2013 paulo
1290 1935 1367 1988 ante
1389 1919 1469 1988 solis

441 2052 609 2120 exortum,
630 2039 762 2130 regione
784 2035 918 2122 Palatii,
938 2038 979 2108 ad
1000 2039 1117 2131 Capita
1136 2036 1281 2125 bubula,
1302 2038 1359 2106 ubi
1381 2063 1473 2106 nunc

441 2155 619 2223 sacrarium
636 2156 751 2241 habet,
767 2154 935 2248 eliquanto
955 2171 1045 2249 post,
1062 2180 1163 2249 quam
1178 2158 1329 2243 excessit,
1346 2157 1472 2225 consti·

444 2287 564 2341 tutum.
579 2275 667 2342 Nam
682 2287 719 2343 ut
733 2291 862 2344 senatus
877 2277 958 2344 actis
973 2275 1176 2362 continetur,
1191 2299 1293 2366 quum
1310 2277 1348 2344 C.
1365 2278 1475 2344 Laeto·

446 2392 531 2479 rius,
548 2391 736 2462 adolescens
752 2394 881 2486 patricii
898 2394 1043 2487 generis,
1057 2395 1089 2461 in
1105 2393 1308 2486 deprecanda
1321 2393 1477 2486 graviore

445 2507 598 2578 adulterii
618 2537 731 2604 ptena,
751 2526 868 2604 practer
884 2527 1010 2580 aetatem
1029 2527 1127 2604 atque
1147 2510 1289 2597 natales,
1307 2512 1373 2578 hoc
1392 2535 1477 2603 quo-

444 2653 509 2724 que
529 2631 678 2723 patribus
699 2632 893 2724 conscriptis
913 2629 1085 2726 allegaret,
1107 2655 1141 2698 se
1166 2655 1236 2699 esse
1254 2654 1481 2722 possessorem

444 2773 482 2817 ac
500 2747 591 2817 velut
607 2748 765 2817 aedituum
785 2748 863 2835 soli,
882 2749 971 2842 quod
991 2751 1134 2842 primum
1151 2753 1192 2818 D.
1212 2753 1384 2842 Augustus
1403 2773 1481 2816 uas-

443 2889 521 2934 eens
541 2867 718 2959 attigisset,
740 2879 930 2960 peteretque
951 2866 1067 2935 donari
1088 2869 1179 2960 quasi
1201 2869 1337 2961 proprio
1358 2891 1426 2936 suo
1446 2893 1485 2936 ac

446 2983 605 3078 peculiari
631 2985 708 3072 deo,
730 2985 899 3054 decretum
920 3000 988 3074 est,
1008 3000 1045 3054 ut
1065 3011 1103 3054 ea
1122 3010 1197 3079 pars
1219 2987 1337 3056 domus
1360 3012 1487 3067 eonsc-

446 3116 603 3170 craretur.
1414 3082 1420 3093 Ι

494 3222 553 3288 VI.
579 3222 867 3292 Nutrimentorum
890 3227 960 3318 ejus
984 3227 1170 3295 ostenditur
1194 3226 1302 3296 adhuc
1323 3225 1431 3296 locus
1457 3231 1493 3294 in

447 3340 536 3407 avito
552 3339 741 3408 suburbano
755 3342 848 3433 juxta
864 3343 1005 3414 Velitras
1021 3347 1245 3439 permodicus,
1263 3361 1296 3416 et
1313 3347 1417 3417 cellae
1434 3373 1495 3442 pe-

448 3459 572 3526 nuariae
589 3459 709 3542 instar;
727 3473 882 3554 tenetque
898 3465 1103 3534 vicinitatem
1120 3467 1250 3560 opinio,
1269 3481 1445 3560 tanquam
1464 3482 1499 3536 et

448 3590 544 3645 natus
561 3577 606 3642 ibi
623 3577 678 3644 sit.
695 3571 768 3646 Huc
783 3581 935 3668 introire,
955 3583 1017 3650 nisi
1032 3586 1214 3654 necessario
1229 3599 1263 3653 et
1279 3600 1396 3672 caste,
1415 3587 1503 3656 reli-

448 3699 503 3790 gio
518 3709 581 3782 est;
598 3714 757 3792 concepta
773 3700 930 3792 opinione
946 3705 1063 3789 veteri,
1078 3705 1172 3794 quasi
1188 3718 1312 3772 temere
1329 3705 1505 3777 adeunti·

448 3815 510 3884 bus
526 3814 646 3883 horror
661 3816 795 3910 quidam
814 3833 846 3886 et
860 3833 967 3888 metus
980 3821 1169 3912 objiciatur3
1186 3820 1243 3888 sed
1259 3836 1292 3890 et
1306 3847 1401 3894 mox
1421 3853 1510 3896 con·

450 3933 579 4003 firmata
593 3951 640 4004 est
657 3961 665 4004 ε
680 3962 756 4006 nam
773 3960 874 4030 quum
892 3962 1057 4031 possessor
1069 3938 1154 4008 villae
1166 3965 1289 4028 novus,
1306 3967 1378 4012 seu
1395 3919 1523 4034 forte,¹

450 4075 508 4122 seu
527 4055 675 4122 tentandi
695 4080 810 4144 causa,
832 4057 980 4126 cubitum
1000 4083 1034 4126 se
1059 4083 1098 4126 eo
1118 4058 1330 4146 contulisset,
1359 4067 1515 4153 evenit,
