3168 5440
473 529 512 582 tu
532 527 561 582 C.
583 528 608 583 J.
629 523 824 582 CAESAREM.
1111 525 1164 582 125

176 642 387 717 Erpediendas.
398 643 433 697 Η.
445 641 692 715 e.·cosnpnrandas,
701 651 733 694 ut
742 642 844 709 Cesar,
854 641 925 693 Bell.
938 641 1025 706 Gatt,
1033 659 1104 712 νιιι,
1118 642 1164 698 36.

139 783 144 790 .
173 736 200 790 B
214 735 342 808 vestigio.
357 735 392 788 Η.
407 753 432 788 e.
449 733 549 788 statim.
750 797 757 810 ⁸

176 829 254 882 Inter
257 827 365 897 jocum.
379 826 415 880 H.
430 845 454 881 e.
471 845 527 899 per
540 825 638 897 josum
653 845 660 879 :
674 827 747 880 inter
760 823 862 897 sapius
880 833 922 900 est
943 822 1018 879 idem
1037 825 1118 898 quod
1136 828 1165 879 in

130 920 175 974 vel
186 937 250 992 per.
267 919 309 975 Cl.
324 919 438 972 Dum.
458 917 495 972 ad
513 918 608 986 Flon,
628 935 669 986 11,
685 917 712 972 6.

170 1011 319 1064 Nutantes.
340 1008 376 1064 H.
392 1027 415 1064 e.
431 1007 467 1064 ad
485 1007 672 1063 defectionem
685 1006 860 1076 inclinantes.
880 1008 984 1078 Tacit,
1004 1008 1093 1078 Hist,
1111 1025 1166 1078 ru,

73 1172 75 1180 y
134 1100 170 1156 18
187 1121 194 1154 :
211 1102 383 1156 «Nutantem
396 1100 484 1155 aciem
498 1099 592 1154 victor
606 1098 752 1172 equitatus
766 1099 928 1154 incursat.»
973 1139 974 1144 η

171 1192 238 1246 Cer.
248 1195 282 1247 V.
290 1193 434 1247 Auctores.
442 1191 702 1246 Auctoresfuerunt
709 1190 845 1264 praecipui
851 1190 1003 1263 Pompeius
1012 1201 1041 1245 et
1048 1191 1164 1246 Crassus

131 1302 203 1339 coss.
212 1285 247 1339 A.
257 1285 293 1339 U.
302 1283 369 1350 684.
377 1284 465 1353 Veli,
476 1303 509 1352 ιι,
520 1284 556 1340 3ο
566 1301 573 1337 :
583 1307 596 1333 ι
605 1284 668 1339 Hoc
675 1284 824 1338 consulatu
831 1282 981 1355 Pompeius
989 1281 1166 1338 tribunitiam

118 1385 302 1449 potestatem
309 1375 447 1445 restituit,
455 1376 536 1447 eujus
544 1377 622 1430 Sulla
631 1374 783 1448 imaginem
792 1373 850 1428 sine
857 1373 922 1445 jure
933 1374 1118 1448 reliquerat.»

172 1467 365 1522 Dominuerot.
388 1465 525 1539 Appiam,
540 1469 574 1520 B.
599 1467 627 1520 C.
636 1505 646 1532 ‚
666 1483 692 1535 ι,
707 1483 736 1539 p.
758 1467 813 1529 413
831 1476 901 1530 ιΤὴν
918 1470 948 1525 tt
960 1480 1015 1524 eus
1031 1471 1164 1542 δημάρχων

128 1571 172 1622 len
180 1566 229 1620 ‘esi
242 1568 343 1631 ἀνιῖλιν,
357 1569 538 1622 ἀσθενεστάτην
555 1567 693 1636 ἀποφήνας,
705 1565 748 1618 sni
757 1567 822 1635 νόμῳ
834 1567 944 1626 κωλύσας
956 1559 1081 1636 pndspies
1092 1567 1165 1621 ἄλλην

128 1661 170 1710 τὸν
186 1653 313 1729 δήμαρχον
328 1659 404 1727 ἀρχὴν
420 1659 456 1710 ἔτι
470 1660 560 1727 ἅρχιιν.
612 1719 614 1724 .

169 1743 240 1796 Post
253 1759 356 1796 necem.
371 1743 406 1796 Η.
428 1759 452 1795 e.
471 1753 538 1814 post
552 1751 673 1798 mortem
687 1762 694 1797 :
710 1759 767 1796 nee
781 1740 817 1796 de
832 1749 924 1795 morte
936 1737 1061 1795 naturali
1073 1739 1165 1794 inter-

133 1832 212 1888 dum.
226 1833 352 1901 Seneca,
367 1832 477 1887 Consol.
493 1835 535 1888 od
548 1834 657 1900 Mam,
672 1852 718 1887 ιιι
735 1854 741 1888 :
757 1837 876 1906 otgunt
896 1850 970 1905 opus
983 1850 1066 1886 suum
1081 1831 1138 1886 satn
1154 1850 1162 1885 :

128 1923 213 1980 nobis
233 1943 347 1980 sensum
364 1935 468 1980 nostrae
480 1925 557 1981 necis
575 1925 716 1980 auferunt.
733 1947 745 1973 ι
763 1963 765 1970 ι

172 2016 336 2090 Rogationt.
360 2019 402 2071 De
425 2018 569 2090 rogottbne
589 2034 622 2071 nc
641 2019 706 2090 lege
726 2015 765 2070 sie
788 2017 886 2071 Festus
908 2034 914 2068 :
940 2015 1085 2089 allegatio
1108 2025 1165 2083 est,

130 2125 217 2181 quum
231 2108 356 2180 populus
365 2107 571 2164 consulitur-'de
582 2126 642 2162 uno
656 2107 822 2180 pluribusve
831 2105 1008 2178 bominibus,
1018 2106 1098 2180 quod
1105 2125 1165 2162 non

128 2198 166 2254 nd
182 2216 280 2254 omnes
294 2199 450 2271 pertineat,
466 2210 495 2255 et
512 2199 549 2256 de
563 2217 622 2255 una
631 2198 798 2271 pluribusve
812 2199 914 2269 rebus,
929 2198 968 2254 de
980 2199 1093 2271 quibus¹
1102 2217 1164 2254 non

130 2291 264 2346 omnibus
279 2290 427 2346 muniatur.
447 2294 520 2347 Nam
538 2290 618 2364 quod
635 2290 665 2344 in
680 2309 777 2346 omnes
791 2289 921 2347 homines
937 2308 1018 2346 resve
1034 2291 1159 2364 populus

129 2382 228 2453 seivit,
243 2385 291 2436 leo
307 2382 473 2455 appellatur.
488 2407 501 2433 ι

172 2473 346 2530 Οοηοίονιειη.
361 2473 513 2530 Concionis
526 2473 612 2546 hujus
627 2473 801 2530 mentionem
818 2473 905 2530 habet
921 2459 1010 2544 beu,
1023 2492 1101 2544 xm,
1117 2475 1142 2530 3.

169 2565 236 2621 Ces.
246 2567 296 2621 vl.
304 2567 361 2620 Pro
374 2566 481 2622 rostris.
490 2568 533 2622 De
540 2565 590 2621 illo
603 2582 685 2622 ‘more
698 2576 828 2622 mortuos
841 2565 978 2621 laudandi
987 2583 1041 2638 pro
1050 2567 1163 2636 rostris,

126 2655 197 2712 vide
210 2659 334 2726 Pone,
347 2675 395 2726 vr,
417 2655 462 2711 53.

169 2747 277 2802 Marcii
293 2767 379 2822 reges.
391 2779 430 2789 -
445 2749 525 2818 lien,
539 2749 653 2804 Marciae
673 2748 765 2824 gentis
783 2767 941 2824 cognomen
960 2747 1028 2816 suit,
1046 2766 1109 2820 qua
1126 2748 1163 2804 ab

125 2841 210 2895 Anco
224 2838 333 2893 Marcio
353 2857 419 2913 rege
433 2857 462 2894 se
476 2839 627 2895 oriundam
640 2840 797 2912 jactitabat.

169 2933 198 2984 A
215 2930 330 2984 Venere.
344 2928 418 2985 Vide
432 2930 540 3001 Vann,
561 2950 604 2998 ιι,
624 2939 670 2998 tr.

171 3021 343 3076 Creninomo
359 3021 485 3077 deornm.
499 3023 534 3077 ll.
549 3039 573 3077 e.
588 3022 720 3097 religiosa
734 3022 885 3077 veneratio.

172 3111 375 3182 Quoestionem.
392 3111 457 3190 Seii.
472 3112 613 3184 judicium
627 3124 706 3168 extra
721 3113 861 3168 ordinem.

168 3205 235 3259 cn».
251 3203 313 3257 Vll.
323 3203 474 3259 ridendam.
487 3207 650 3274 Quaestores
663 3205 738 3260 enim
752 3215 780 3260 et
790 3203 1016 3276 jurisdictionem
1035 3206 1164 3278 praetoris

125 3293 265 3349 mandatu
279 3310 424 3364 exercere,
434 3305 463 3350 et
477 3295 648 3351 discedentis
660 3295 789 3370 praetoris
798 3312 915 3350 munere
929 3295 1010 3370 fungi
1024 3297 1163 3353 solebant.

169 3385 330 3441 Consentes.
344 3415 384 3428 -
400 3386 552 3442 Consentius
569 3399 594 3443 et
609 3387 721 3458 judicia
742 3397 822 3443 erant
844 3387 1025 3460 provincialia
1045 3389 1163 3463 adquae
1197 3381 1199 3386 ’

123 3478 337 3534 conveniebant
351 3480 448 3534 lncolae
461 3499 476 3535 a
492 3490 614 3553 praetore
626 3481 671 3536 vel
691 3490 830 3555 quaestore
848 3480 976 3535 evocati.-

170 3568 350 3640 conjecsom.
373 3568 517 3642 Quintil„
532 3591 588 3640 ιιι,
602 3571 637 3641 6,
653 3571 707 3626 30:
722 3596 734 3620 ι
745 3570 928 3627 Somniorum
937 3583 1022 3646 atque
1031 3574 1163 3628 'omuimn

121 3661 296 3734 interpretes
309 3659 478 3730 conjectores
487 3673 636 3718 vocantur.
645 3687 660 3714 s
676 3662 752 3733 Cin,
765 3665 801 3718 de
813 3665 892 3732 Diu,
907 3683 945 3733 n,
967 3665 1004 3723 65
1019 3684 1026 3720 :
1041 3666 1163 3721 «Defert

124 3753 166 3809 ad
179 3751 365 3822 conjectorem
385 3753 502 3826 quidam
524 3754 677 3811 somniasse
699 3774 744 3822 se,
765 3774 851 3810 ovnm
872 3755 998 3829 pendere
1020 3775 1055 3812 ex
1078 3757 1163 3812 fascia

121 3845 193 3902 lecti
207 3845 252 3902 sui
271 3845 471 3902 cubicularis.»

166 3940 233 3994 cn.
249 3939 327 3994 v111.
344 3937 474 3993 Coloniae
494 3942 606 3998 menas.
623 3943 716 3998 Intell.
734 3945 830 3998 Gallos
845 3943 1002 4015 Cisalpinos
1015 3945 1160 4014 Transpa-

120 4030 230 4098 danos,
245 4029 350 4102 quibus
361 4029 406 4100 jus
420 4031 493 4085 Latii
507 4043 573 4105 post
584 4034 691 4089 bellurn
704 4035 855 4090 marsicum
869 4036 930 4110 lege
940 4033 1068 4107 Pompeii
1081 4037 1161 4090 Stra·
1246 4028 1252 4050 i

120 4121 228 4191 bonis,
246 4121 335 4194 patris
351 4123 465 4196 Magni,
480 4124 577 4180 datum
593 4127 695 4182 fuerat.
