3138 5438
431 517 469 571 eo
553 551 556 558 Δ
823 515 853 570 c.
874 517 1047 573 sunroun
1060 492 1078 525 ⁸

430 637 609 730 AEgyptunr
633 639 743 731 petit:
764 637 957 732 obsessaque
977 637 1187 725 Alexandria,
1208 665 1274 732 quo
1294 639 1449 709 Antonius

431 778 506 822 cum
517 755 691 850 Cleopatra
700 739 906 851 confingeret,
918 759 1008 827 brevi
1019 759 1144 852 potitus
1152 773 1210 826 est.
1220 761 1263 827 Et
1273 759 1449 827 Antonium

431 872 582 966 quidem,
602 899 691 944 seras
709 875 914 946 conditiones
934 877 1022 971 pacis
1039 891 1236 961 tentantem,
1255 875 1296 943 ad
1317 891 1449 943 mortem

431 993 560 1086 adegit,
580 993 727 1088 viditque
750 1010 928 1065 mortuum.
953 995 1153 1090 Cleopatrae,
1174 1019 1273 1087 quam
1296 1005 1450 1062 servatam

432 1114 601 1208 triumpho
621 1137 741 1208 magno
761 1137 860 1206 opere
879 1115 1050 1207 cupiebat,
1074 1115 1174 1184 etiam
1197 1112 1318 1207 psyllos
1341 1111 1450 1181 admo·

432 1235 500 1318 vit,
529 1234 587 1326 qui
614 1257 777 1302 venenum
803 1257 841 1301 ac
867 1233 957 1302 virus
984 1245 1197 1328 exsugerent3
1220 1232 1309 1325 quod
1335 1232 1452 1324 perisse

432 1375 545 1420 morsu
557 1351 678 1445 aspidis
688 1351 876 1444 putabatur.
886 1353 1054 1423 Ambobus
1063 1375 1272 1422 communem
1282 1348 1452 1444 sepulture

433 1472 593 1540 bonorem
610 1471 742 1557 tribuit,
758 1495 797 1539 ac
812 1470 978 1541 tumulum
992 1473 1034 1540 ab
1050 1473 1127 1565 ipsis
1140 1472 1330 1540 inchoatum
1347 1469 1452 1563 perlici

391 1566 393 1572 Ι
431 1591 537 1683 jussit.
558 1585 738 1660 Antonium
756 1591 929 1682 juvenem,
951 1591 1108 1682 majorem
1131 1588 1172 1658 de
1195 1589 1324 1658 duobus
1343 1586 1454 1656 Fulvia

434 1709 565 1802 genitis,
581 1708 757 1778 simulacro
772 1713 815 1779 D.
832 1709 927 1796 Julii,
946 1709 989 1778 ed
1003 1709 1095 1802 quod
1110 1723 1185 1802 post
1201 1706 1321 1805 multas
1336 1723 1368 1774 et
1384 1707 1455 1774 irri-

434 1843 484 1896 tas
503 1851 614 1921 preces
632 1827 840 1921 confugerat,
860 1829 1033 1924 abreptum
1056 1828 1230 1896 interemit.
1252 1831 1333 1896 Item
1353 1831 1457 1896 Caesa·

435 1948 576 2036 rionem,
587 1971 685 2041 quem
697 1972 737 2015 ex
751 1951 878 2018 Caesare
887 1963 980 2043 patre
989 1947 1165 2041 Cleopatra
1178 1947 1365 2040 concepisse
1377 1969 1458 2037 prar-

434 2064 585 2152 dicabat,
612 2081 790 2135 retractum
817 2091 836 2136 e
864 2068 942 2162 fuga
967 2066 1129 2162 supplicio
1157 2066 1276 2135 affecit.
1303 2063 1458 2158 Reliquos

435 2185 571 2254 Antonii
600 2187 785 2278 reginaque
813 2211 1005 2254 communes
1036 2183 1175 2271 liberos,
1205 2211 1273 2254 non
1301 2209 1393 2253 secus
1423 2207 1460 2249 ac

438 2303 676 2372 necessitudine
693 2295 827 2396 junctos
847 2305 929 2393 sibi,
949 2320 982 2374 et
1000 2307 1224 2392 conservavit,
1244 2319 1277 2372 et
1300 2329 1377 2372 mox
1403 2327 1462 2396 pro

437 2421 626 2490 conditione
642 2423 801 2518 cujusque
820 2425 976 2493 sustinuit
989 2449 1028 2493 ac
1044 2424 1133 2494 fovit.
1213 2431 1217 2440 '

481 2543 604 2610 XVIII.
621 2543 684 2608 Per
693 2531 1168 2636 idem'tempus,conditorium
1176 2559 1211 2624 et
1218 2567 1337 2636 eorpus
1346 2543 1465 2636 Magni

436 2659 630 2746 Alexandri,
642 2685 746 2748 quum
760 2659 924 2754 prolatum
937 2687 957 2730 e
970 2660 1127 2756 penetrali
1141 2663 1329 2756 subjecisset
1342 2661 1466 2748 oculis,

435 2803 557 2846 corona
570 2803 670 2846 aurea
684 2781 837 2872 imposita
849 2803 888 2850 ac
904 2779 1040 2852 floribus
1052 2783 1205 2873 aspersis,
1218 2767 1391 2848 veneratus
1403 2795 1470 2866 est·,

436 2896 686 2991 consultusque,
702 2923 780 2965 num
795 2913 829 2966 et
843 2897 1057 2967 Ptolemaeum
1074 2900 1234 2993 inspicere
1250 2898 1366 2984 vellet,
1383 2905 1472 2968 alle·

437 3041 510 3108 gem
527 3041 561 3084 se
580 3003 749 3084 uoluisses
767 3018 812 3085 ait
829 3015 982 3104 «videre,
999 3039 1066 3086 non
1086 3031 1270 3087 mortuos.»
1287 3022 1473 3112 AEgyptunr

438 3159 472 3200 ru
495 3135 672 3226 provinciae
693 3131 833 3202 formam
860 3135 1025 3204 redactam
1048 3151 1086 3204 ut
1111 3136 1299 3206 feraciorem
1326 3136 1475 3205 habilio-

439 3275 574 3344 remque
592 3275 731 3320 annonae
746 3254 866 3321 urbioae
883 3253 1051 3342 redderet,
1071 3255 1173 3332 fossas
1186 3279 1317 3340 omnes,
1333 3257 1369 3324 iu
1387 3281 1477 3348 quas

439 3369 536 3442 Nilus
552 3387 723 3460 exaestuat,
739 3371 910 3445 oblimatas
928 3372 1026 3466 longa
1042 3387 1203 3443 vetustate
1218 3373 1350 3444 militari
1369 3399 1479 3468 opere

438 3489 585 3560 detersit.
606 3494 749 3586 Quoque
769 3494 910 3562 Actiacae
931 3494 1073 3562 victoriae
1094 3496 1251 3562 memoria
1271 3491 1481 3562 celebratior

330 3681 333 3688 ¹
438 3609 472 3675 in
491 3624 658 3702 posterum
678 3624 778 3698 esset,
797 3613 912 3680 urbem
933 3611 1112 3706 Nicopolin
1131 3613 1218 3707 apud
1238 3616 1375 3684 Actium
1395 3639 1483 3682 con-

438 3726 551 3796 didit:
573 3727 733 3822 ludosque
757 3729 824 3798 illic
845 3729 1104 3824 quinquennales
1130 3733 1319 3818 constituit,
1341 3749 1381 3801 et
1407 3757 1484 3800 am·

440 3843 543 3938 pliato
564 3862 672 3916 vetere
692 3845 855 3941 Apollinis
876 3849 1018 3942 templo,
1041 3847 1150 3919 locum
1172 3865 1380 3938 castrorum,
1404 3854 1487 3945 qui-

440 3964 502 4032 bus
520 3965 626 4034 fueret
642 3991 736 4055 usus,
757 3983 951 4038 exornatum
974 3968 1143 4038 navalibus
1163 3969 1288 4064 spoliis,
1309 3971 1489 4064 Neptuno

441 4105 479 4148 ac
496 4085 596 4152 Marti
613 4089 826 4158 consecravit.
