3114 5446
493 524 694 582 carneuna,
1056 541 1107 598 ,8,
1223 541 1228 558 ·

87 650 143 738 las,
159 649 217 743 qui
237 649 411 718 universos
428 652 708 722 contrucidarent.
724 655 838 742 Quum
855 656 996 754 discerpi
1017 685 1111 734 sena-

88 785 180 838 torem
191 767 704 863 concupisset,subornavit,qui
714 772 957 867 ingredientem
968 783 1109 872 curiam,

86 903 210 982 repente
230 888 358 956 hostem
375 887 547 981 publicum
563 889 782 985 appellantes,
800 895 1014 987 invaderent,
1032 927 1109 996 gra·

85 1009 226 1101 phiisque
244 1007 454 1097 confossum,
473 1007 684 1078 lacerandum
704 1014 822 1082 ceteris
840 1015 1019 1088 traderent.
1035 1023 1109 1092 Nec

84 1146 149 1198 ante
165 1131 304 1200 satiatus
320 1145 388 1218 est,
406 1155 505 1225 quam
526 1131 674 1200 membra
693 1145 726 1200 et
744 1147 836 1202 artus
854 1149 888 1203 et
904 1138 1030 1208 viscera
1047 1141 1106 1208 ho·

84 1251 169 1318 minis
185 1264 294 1318 tracte
309 1273 370 1343 per
387 1251 495 1337 vicos,
514 1263 614 1342 atque
634 1265 712 1318 ante
729 1275 764 1320 se
782 1269 938 1347 congesta
959 1256 1104 1329 vidisset.

120 1371 245 1438 XXIX.
266 1369 506 1438 Immanissima
525 1369 609 1440 facta
629 1371 773 1466 augebat
792 1375 965 1444 atrocitate
984 1378 1106 1447 verbo-

81 1513 155 1557 mm.
169 1519 186 1553 a
197 1487 292 1558 Nihil
305 1491 408 1582 magis
422 1492 456 1556 iu
468 1503 588 1559 natura
601 1513 661 1559 sua
673 1489 808 1559 laudare
822 1516 907 1560 seeo
920 1496 1077 1586 probare,
1088 1528 1105 1562 o

81 1609 217 1696 dicebat,
237 1637 254 1672 α
266 1631 383 1701 quam,
396 1637 414 1673 a
431 1623 470 1676 ut
488 1609 592 1702 ipsius
608 1609 711 1677 verbo
726 1623 813 1691 utar,
828 1639 846 1674 α
858 1610 1106 1711 &Sempe-blaa.»

80 1727 395 1798 ManentiAntoniae
412 1729 509 1815 avias,
527 1741 684 1820 tanquam
704 1753 823 1821 parum
840 1746 923 1799 esset
940 1757 1007 1801 non
1025 1735 1104 1804 obe-

78 1847 157 1934 dire,
171 1876 188 1911 u
200 1850 394 1934 Memento,
412 1847 477 1930 ait,
498 1846 611 1915 omnia
631 1847 712 1914 mihi
731 1861 764 1915 et
782 1847 815 1915 in
833 1873 948 1918 omnes
966 1847 1104 1920 licere.»

77 1967 309 2036 Trucidaturus
327 1965 482 2050 fratrem,
505 1989 604 2057 quern
627 1979 718 2033 metu
740 1991 942 2036 venenorum
962 1993 1105 2062 praemu·

77 2087 131 2154 niri
155 2085 405 2154 medicamentis
428 2083 672 2177 suspicabatur,
694 2081 944 2174 «Antidotum,
969 2089 1102 2181 inquit,

74 2204 223 2272 adversus
250 2202 467 2273 Caesaremlu
490 2201 657 2295 Relegatis
683 2203 871 2292 sororibus,
897 2229 966 2273 non
991 2205 1100 2276 solum

75 2323 189 2392 insulas
206 2323 331 2391 habere
347 2345 399 2407 se,
416 2319 474 2388 sed
490 2321 588 2388 etiam
604 2317 748 2413 gladios,
764 2321 963 2391 minabatur.
979 2328 1102 2394 Praeto·

72 2445 151 2512 rium
164 2445 277 2512 virum
291 2465 331 2512 ex
342 2463 468 2509 secessu
481 2441 662 2533 Anticyroe,
677 2463 776 2531 quarn
789 2439 988 2511 valetudinis
1002 2469 1101 2514 causa

72 2567 225 2655 petierat,
248 2560 425 2655 propagari
449 2558 511 2626 sibi
530 2572 752 2626 commeatum
770 2561 890 2652 saepius
909 2559 1097 2631 desideran-

71 2697 149 2771 tem,
166 2705 275 2776 quum
292 2677 479 2748 mandasset
497 2677 661 2766 interimi,
680 2675 798 2769 adjecit
816 2703 824 2745 :
844 2679 1097 2750 «Necessariam

69 2826 132 2870 esse
142 2801 318 2896 sanguinis
328 2798 532 2882 missionem,
543 2796 596 2865 cui
609 2795 745 2865 tamdiu
758 2821 826 2864 non
840 2795 1009 2889 prodesset
1022 2798 1099 2868 elle·

68 2921 193 2990 bonam.
207 2949 225 2984 s
244 2919 386 2988 Decimo
408 2937 542 3009 quoque
563 2916 634 3000 die,
654 2939 833 2984 numerum
852 2917 1099 3008 puniendorum

67 3066 103 3108 ex
116 3038 271 3110 custodia
289 3035 517 3122 subscribens,
534 3034 739 3104 altationem
756 3057 791 3102 se
805 3057 996 3130 purgare,c
1012 3035 1099 3105 dice-

70 3159 133 3228 bat.
147 3157 259 3228 Gallis
271 3157 462 3248 Graecisque
470 3152 600 3247 aliquot
608 3177 677 3222 uno
692 3166 840 3246 tempore
852 3153 1096 3244 condemnatis,

65 3279 281 3372 gloriabatur,
298 3273 579 3369 «Gallograeciam
597 3295 668 3342 sesa
685 3271 895 3366 subegisse.»
977 3345 980 3352 ,

107 3401 219 3468 XXX.
238 3399 319 3469 Non
334 3410 461 3464 temere
472 3395 506 3462 in
522 3415 742 3486 quemquam,
763 3393 828 3460 nisi
847 3390 970 3460 crebris
989 3407 1022 3462 et
1037 3395 1098 3462 mi·

62 3521 150 3588 nutis
172 3517 297 3585 ictibus
312 3513 532 3582 animadverti
548 3535 663 3605 passus
681 3525 733 3578 est
747 3535 755 3578 ε
771 3525 932 3604 perpetuo
950 3525 1099 3605 notoque
1178 3496 1183 3508 ⁵

57 3637 125 3727 jaan
141 3649 330 3731 pmoepto,
343 3635 422 3700 «Ita
437 3629 514 3717 feri,
529 3644 566 3698 ut
579 3654 614 3699 se
628 3631 715 3698 mori
731 3629 889 3698 sentiat.»
904 3630 1026 3698 Punito
1039 3655 1099 3723 per

58 3779 209 3825 errorem
227 3752 373 3823 nominis
387 3749 470 3837 alio,
485 3765 587 3845 quam
606 3771 706 3842 quern
721 3747 965 3836 destinaverat,
987 3749 1096 3841 ipsum

57 3899 196 3969 qnoque
223 3874 317 3968 paria
344 3872 502 3940 meruisse
526 3868 618 3938 dixit.
642 3869 821 3963 Tragicum
848 3865 932 3935 illud
956 3865 1098 3934 subinde

53 3997 226 4088 jactabat,
250 3991 409 4072 Oderint,
429 3991 510 4061 dum
528 4002 689 4060 metuant.
709 3991 801 4083 Saepe
817 3989 851 4056 in
873 4001 1012 4055 cunctos
1035 4009 1096 4079 pa·
1161 4053 1165 4062 ,

55 4118 140 4186 riter
157 4128 346 4201 senatores,
364 4125 400 4180 ut
417 4107 527 4204 sejani
544 4108 700 4198 clientes,
715 4124 752 4177 ut
769 4109 882 4177 matris
898 4131 935 4176 ac
952 4105 1095 4174 fratrum
