3114 5446
490 569 686 628 CLAUDIUS.
1046 578 1097 633 alr

90 691 357 782 Kapgqlauoeac'ia,
373 694 488 766 diebus
503 696 647 779 statutis,
665 694 752 764 velut
772 697 805 764 in
822 698 1003 789 auditorio,
1022 707 1102 772 reci·

91 827 224 882 urentur
238 815 300 882 toti
316 839 336 882 a
355 811 491 907 singulis
508 839 567 906 per
583 815 679 884 vines.

126 935 242 1002 XLIII.
269 931 548 1020 stiterimus,
571 933 664 1028 signa
681 933 847 1026 quaedam,
866 962 926 1006 nec
943 939 1099 1029 obscure,

88 1052 263 1144 paenitentis
279 1065 313 1120 et
331 1051 372 1120 de
389 1051 599 1122 matrimonio
618 1053 822 1146 Agrippinae,
839 1053 945 1148 deque
958 1059 1100 1129 Nemnis

88 1171 267 1264 adoptione,
284 1170 430 1240 dederat.
446 1169 631 1264 Siquidem,
650 1175 981 1244 commemorantibus
999 1175 1094 1247 liber·

86 1292 139 1372 tis,
159 1315 198 1358 ac
220 1289 429 1360 laudantibus
448 1289 767 1382 cognitionemque
794 1291 899 1383 pridie
923 1295 1099 1386 quamdam

86 1407 225 1478 adulterii
248 1433 337 1476 ream
364 1406 659 1495 condemnaverat,
689 1409 783 1478 «sibi
811 1436 942 1504 quoque
966 1414 999 1480 in
1026 1414 1099 1484 satis

85 1551 190 1610 asse,»
216 1528 373 1621 jactavit,
401 1527 537 1596 somnia
564 1527 744 1619 impudica,
772 1528 829 1598 sed
850 1555 917 1599 non
936 1533 1099 1626 impunita

83 1648 327 1717 matrimonia.»
358 1649 401 1716 Et
433 1645 573 1716 subinde
606 1647 741 1716 obvium
776 1647 838 1716 sibi
869 1650 1095 1721 Britannicum

83 1766 171 1834 artius
197 1764 405 1858 complexus,
433 1765 585 1834 hortatus
615 1780 677 1852 cst,
707 1781 772 1834 «ut
792 1773 968 1852 cresceret,
999 1771 1097 1839 ratio·

83 1909 212 1977 nemque
229 1909 249 1952 a
264 1908 299 1952 se
314 1886 463 1952 omnium
480 1883 642 1960 factorum
665 1886 871 1976 acciperet3o
890 1911 995 1979 greca
1014 1889 1099 1958 insu·

82 2027 131 2093 per
152 2028 233 2072 voce
254 2017 461 2095 prosecutus,
490 2001 504 2076 i
530 1995 650 2090 τρώσας
677 2013 729 2072 καὶ
759 1996 891 2074 ἰάσεται.
921 2006 1099 2100 Quumque

81 2123 195 2214 impubi
220 2137 399 2213 teneroque
423 2121 545 2209 adhuc,
569 2121 703 2214 quando
729 2139 851 2193 statura
877 2125 1097 2216 permitteret,

78 2256 180 2331 togam
199 2241 279 2310 date
304 2239 511 2326 destinasset,
542 2241 685 2332 adjecit:
707 2271 722 2304 o
741 2256 777 2310 ut
799 2241 931 2310 tandem
954 2242 1097 2336 populus

80 2383 226 2428 romanus
245 2379 358 2426 verum
378 2361 539 2426 Caesarem
556 2359 715 2428 habeat.»

118 2480 239 2548 XLIV.
257 2479 334 2546 Non
356 2475 524 2568 multoque
542 2492 633 2570 post,
651 2493 883 2546 testamentum
900 2481 999 2548 etiam
1017 2505 1097 2549 con·

75 2597 213 2688 scripsit,
245 2620 283 2664 ac
318 2596 419 2689 signis
449 2597 595 2664 omnium
622 2598 870 2690 magistratuum
899 2598 1094 2692 obsignavit.

76 2716 162 2782 Prius
181 2715 299 2808 igitur,
318 2737 419 2805 quam
446 2712 532 2782 ultra
557 2713 826 2807 progrederetur,
847 2729 1029 2806 praeventus
1047 2732 1096 2784 est

74 2832 109 2896 ab
131 2834 334 2927 Agrippina,
361 2856 460 2924 quam
492 2847 608 2925 praeter
634 2832 703 2900 haec
724 2833 921 2900 couscientia
946 2857 1096 2925 quoque,

74 2975 126 3018 nec
141 2953 253 3020 minus
270 2950 433 3020 delatores
450 2950 631 3020 multorum
648 2951 822 3020 criminum
840 2952 1033 3045 arguebant.
1053 2956 1096 3022 Et

72 3092 195 3138 veneno
214 3069 349 3162 quidem
374 3071 519 3138 orcisum
543 3071 719 3138 convenit:
746 3069 801 3137 ubi
826 3082 955 3154 autern,
981 3083 1014 3137 et
1039 3095 1098 3162 per

70 3213 163 3278 quem
180 3189 276 3276 dato,
294 3187 464 3281 discrepat.
483 3187 627 3275 Quidam
646 3187 796 3270 tradunt,
813 3185 959 3280 epulanti
975 3188 1008 3256 in
1024 3211 1098 3258 arce
1171 3274 1173 3278 Ι

70 3332 139 3375 cum
160 3307 411 3393 sacerdotibus,
429 3333 487 3400 pet·
506 3306 664 3376 Halotum
685 3306 864 3400 spadonem
883 3321 1097 3401 praegustato·

69 3452 152 3514 rem3
174 3426 249 3514 alii,
269 3425 450 3496 domestico
470 3428 638 3514 convivio,
659 3451 718 3520 per
738 3427 842 3519 ipsam
860 3427 1095 3520 Agrippinam,

66 3569 136 3636 quae
166 3545 319 3614 boletum
352 3545 550 3614 medicatum
586 3545 773 3614 avidissimo
802 3546 951 3642 ciborum
980 3544 1094 3613 talium

65 3663 242 3734 obtulerat.
269 3667 377 3734 Etiam
402 3663 443 3732 de
468 3664 742 3757 subsequentibus
771 3663 899 3732 diversa
926 3663 1010 3731 fatua
1036 3677 1093 3730 est.

62 3780 161 3850 Multi
182 3785 312 3868 statim,
334 3783 453 3852 hausto
469 3807 612 3866 veneno,
629 3784 831 3852 obmutuisse
848 3784 958 3862 aiunt,
980 3805 1095 3849 excru-

62 3901 255 3994 ciatumque
275 3901 445 3972 doloribus
467 3917 563 3971 nocte
585 3916 667 3990 tota,
687 3901 841 3970 defecisse
859 3926 961 3994 prope
978 3900 1093 3968 lucem.

61 4019 228 4088 Nonnulli
249 4023 335 4090 inter
355 4023 449 4089 initia
467 4023 693 4116 consopitum,
714 4019 831 4088 deinde
850 4020 924 4086 cibo
942 4017 1096 4086 affluente

57 4141 249 4208 euomuisse
267 4142 397 4226 omnia,
418 4142 660 4234 repetitumque
681 4141 802 4223 toxico,
823 4139 999 4223 incertum,
1020 4136 1094 4230 pul·
