3138 5438
387 493 423 550 38
510 519 513 526 ¹
782 493 811 548 G
832 489 1008 550 SUETONII

384 620 478 690 Iubar
495 622 580 715 regis
597 619 664 690 filio
682 621 717 688 in
734 617 945 688 altercatione
961 615 1099 686 barbam
1116 614 1286 703 invaserit,
1300 616 1422 709 stipen-

386 739 528 812 diarium
545 765 678 833 quoque
695 739 964 834 pronuntiatum,
979 751 1013 806 et
1028 736 1294 806 abstrahentibus
1310 738 1421 805 statim

385 861 524 954 cripuit,
543 859 785 953 occultauitque
801 860 893 954 apud
908 884 943 927 se
958 858 1016 927 diu
1034 884 1042 925 ε
1059 871 1092 926 et
1109 883 1204 945 mox,
1222 883 1262 926 err
1278 872 1423 952 praetura

384 980 594 1073 proficiscens
614 983 649 1050 in
668 983 877 1076 Hispaniam,
898 983 985 1050 inter
1005 979 1113 1048 officia
1131 979 1422 1072 prosequentium,

385 1099 553 1193 fascesque
568 1098 737 1189 lictorum,
756 1097 870 1168 lectica
888 1125 947 1169 sua
964 1101 1082 1170 avexit.

433 1222 572 1290 LXXII.
599 1221 731 1290 Amicos
754 1234 848 1290 tanta
871 1245 1000 1315 semper
1024 1219 1178 1290 facilitate
1198 1220 1421 1316 indulgentia·

384 1365 450 1434 que
475 1341 647 1428 tractavit,
669 1355 707 1409 ut
734 1343 772 1410 C.
796 1342 908 1436 Oppio
935 1343 1106 1410 comitanti
1131 1367 1165 1410 se
1189 1366 1249 1434 per·
1274 1338 1422 1410 silvestre

385 1462 462 1548 iter,
473 1475 691 1556 correptoque
703 1460 1028 1548 subitavaletudine,
1040 1459 1421 1555 etdeversoriolo,quod

385 1605 490 1652 unum
508 1596 598 1668 erat,
617 1581 690 1652 Ioco
710 1585 861 1670 cesserit,
882 1596 915 1649 et
935 1584 1004 1676 ipse
1021 1582 1114 1650 humi
1132 1605 1170 1649 ac
1188 1579 1343 1649 subdivo
1361 1607 1421 1650 cu-

385 1701 502 1774 buerit.
520 1710 593 1776 Jam
612 1722 723 1776 autem
741 1731 853 1776 rerum
871 1719 1004 1798 potens,
1022 1703 1183 1796 quosdam
1201 1704 1299 1770 etiam
1317 1700 1423 1770 infimi

385 1827 514 1919 generis
529 1826 571 1894 ad
592 1824 810 1920 amplissimos
835 1826 978 1894 honores
1003 1823 1162 1916 provexit.
1181 1825 1295 1910 Quum
1319 1823 1362 1890 ob
1388 1823 1424 1890 id

386 1944 590 2039 culparetur,
605 1945 770 2040 professus
784 1960 832 2014 est
850 1943 972 2038 palam,
987 1973 1003 2008 a
1016 1945 1044 2012 si
1059 1957 1281 2036 grassatorum
1296 1956 1330 2010 et
1343 1943 1426 2010 sica·

385 2068 512 2136 riorum
531 2091 594 2159 ope
612 2093 645 2136 m
663 2065 786 2135 tuenda
807 2091 865 2134 sua
887 2065 1047 2158 dignitate
1068 2087 1147 2132 usus
1172 2077 1276 2150 esset,
1302 2061 1425 2130 talibus

385 2213 517 2281 quoquc
533 2215 567 2258 se
584 2211 694 2283 parem
713 2189 852 2283 gratiam
867 2184 1088 2256 relaturum.»

433 2312 587 2379 LXXIII.
617 2307 808 2380 Simultates
833 2323 949 2378 contra
974 2309 1081 2378 nullas
1100 2325 1166 2378 tam
1188 2333 1304 2402 graves
1329 2333 1424 2376 exce·

384 2433 434 2524 pit
453 2454 621 2523 unquam,
643 2447 683 2500 ut
703 2455 771 2500 non
793 2429 964 2500 occasione
982 2427 1093 2497 oblata
1112 2427 1217 2497 libens
1233 2429 1424 2524 deponeret.

385 2553 423 2620 C.
447 2553 618 2638 Memmii,
641 2553 736 2645 cujus
761 2551 948 2644 asperrimis
974 2549 1180 2618 orationibus
1203 2575 1270 2617 non
1295 2549 1427 2616 minore

385 2672 562 2741 acerbitate
585 2673 817 2767 rescripserat,
842 2673 942 2741 etiam
965 2671 1164 2766 suffragator
1185 2694 1261 2738 mox
1280 2671 1314 2738 in
1339 2670 1427 2763 peti-

386 2789 476 2862 tione
499 2792 691 2862 consulatus
718 2793 792 2861 fuit.
818 2796 856 2863 C.
884 2789 988 2864 calvo
1014 2807 1088 2886 post
1112 2791 1236 2860 famosa
1261 2789 1427 2884 epigram-

386 2927 474 2984 mata
503 2912 545 2980 de
562 2911 839 2994 reconciliatione
865 2937 925 3008 per
953 2913 1075 2980 amicos
1106 2913 1236 3005 agenti,
1268 2907 1356 2978 ultro
1385 2933 1427 2977 ac

384 3034 478 3128 prior
506 3033 645 3126 scripsit.
674 3029 845 3102 Valerium
872 3029 1063 3121 Catullum,
1090 3059 1109 3101 a
1136 3057 1203 3126 quo
1232 3031 1293 3100 sibi
1321 3033 1428 3099 versi-

385 3149 469 3221 culis
488 3150 529 3220 de
549 3153 723 3222 Mamurra
742 3168 902 3246 perpetua
924 3154 1078 3248 stigmata
1098 3153 1250 3246 imposita
1270 3177 1338 3219 non
1356 3151 1428 3220 dis-

387 3269 617 3354 simulaverat,
638 3273 910 3360 satisfacientem,
930 3271 1044 3342 eadem
1065 3271 1117 3341 die
1136 3269 1286 3340 adhibuit
1305 3295 1429 3358 coenae,

387 3393 597 3486 hospitioque
622 3395 725 3486 patris
751 3395 841 3486 ejus,
867 3395 952 3462 sicut
978 3407 1172 3479 consuerat,
1200 3393 1249 3460 uti
1274 3415 1431 3485 perseve-

386 3515 482 3580 ravit.

432 3633 586 3702 LXXIV.
612 3633 677 3703 Sed
698 3650 730 3704 et
748 3638 782 3703 in
805 3635 994 3704 ulciscendo
1017 3649 1135 3704 natura
1156 3633 1351 3702 lenissImus.
1371 3633 1433 3702 Pi-

385 3767 488 3841 ratae,
499 3753 648 3844 aquibus
658 3769 775 3848 captus
784 3771 849 3840 est,
860 3781 966 3848 quum
976 3758 1010 3823 irr
1020 3753 1219 3834 deditionem
1230 3753 1432 3847 redegisset,

386 3873 542 3964 quoniam
568 3872 764 3942 suffixurum
793 3901 827 3944 se
852 3877 942 3944 cruci
970 3889 1046 3942 ante
1068 3875 1257 3966 juraverat,
1278 3871 1432 3968 jugulari

387 3993 478 4084 prius
504 3993 623 4085 jussit,
648 3993 770 4061 deinde
798 3994 917 4089 suffigi.
948 3994 1104 4066 Cornelio
1134 3997 1302 4092 Phagitae,
1330 3995 1433 4088 cujus

386 4111 554 4202 quondam
581 4127 759 4182 nocturnas
791 4113 925 4182 iusidias
950 4141 1035 4208 aeger
1063 4141 1101 4183 ac
1129 4115 1250 4204 latens,
1281 4141 1322 4183 rre
1350 4141 1434 4207 per·-
