<?xml version="1.0" encoding="UTF-8"?>
<!DOCTYPE html PUBLIC "-//W3C//DTD XHTML 1.0 Transitional//EN"
    "http://www.w3.org/TR/xhtml1/DTD/xhtml1-transitional.dtd">
<html xmlns="http://www.w3.org/1999/xhtml" xml:lang="en" lang="en">
 <head>
  <title>
</title>
<meta http-equiv="Content-Type" content="text/html;charset=utf-8" />
  <meta name='ocr-system' content='tesseract 3.04.00' />
  <meta name='ocr-capabilities' content='ocr_page ocr_carea ocr_par ocr_line ocrx_word'/>
</head>
<body>
  <div class='ocr_page' id='page_1' title='image "./caiisuetonitran00grosgoog_0151.png"; bbox 0 0 3108 5434; ppageno 0'>
   <div class='ocr_carea' id='block_1_1' title="bbox 424 515 1054 572">
    <p class='ocr_par' dir='ltr' id='par_1_1' title="bbox 424 515 1054 572">
     <span class='ocr_line' id='line_1_1' title="bbox 424 515 1054 572; baseline 0 -2"><span class='ocrx_word' id='word_1_1' title='bbox 424 532 477 570; x_wconf 62' lang='grc' dir='ltr'>ιιι</span> <span class='ocrx_word' id='word_1_2' title='bbox 830 515 860 569; x_wconf 75' lang='lat' dir='ltr'>G</span> <span class='ocrx_word' id='word_1_3' title='bbox 878 515 1054 572; x_wconf 76' lang='lat' dir='ltr'>sunnonu</span> 
     </span>
    </p>
   </div>
   <div class='ocr_carea' id='block_1_2' title="bbox 417 637 1464 2667">
    <p class='ocr_par' dir='ltr' id='par_1_2' title="bbox 417 637 1464 2427">
     <span class='ocr_line' id='line_1_2' title="bbox 421 637 1460 735; baseline 0 -27"><span class='ocrx_word' id='word_1_4' title='bbox 421 639 627 727; x_wconf 87' lang='lat' dir='ltr'>venientem,</span> <span class='ocrx_word' id='word_1_5' title='bbox 648 663 830 732; x_wconf 81' lang='lat' dir='ltr'>rursusque</span> <span class='ocrx_word' id='word_1_6' title='bbox 852 640 1038 735; x_wconf 86' lang='lat' dir='ltr'>gravidam,</span> <span class='ocrx_word' id='word_1_7' title='bbox 1056 639 1238 725; x_wconf 84' lang='lat' dir='ltr'>dimittere,</span> <span class='ocrx_word' id='word_1_8' title='bbox 1259 663 1298 708; x_wconf 88' lang='lat' dir='ltr'>ac</span> <span class='ocrx_word' id='word_1_9' title='bbox 1319 637 1460 724; x_wconf 81' lang='lat' dir='ltr'>duliam,</span> 
     </span>
     <span class='ocr_line' id='line_1_3' title="bbox 420 757 1461 855; baseline -0.002 -25"><span class='ocrx_word' id='word_1_10' title='bbox 420 761 563 855; x_wconf 84' lang='lat' dir='ltr'>Augusti</span> <span class='ocrx_word' id='word_1_11' title='bbox 579 758 696 849; x_wconf 86' lang='lat' dir='ltr'>filiam,</span> <span class='ocrx_word' id='word_1_12' title='bbox 713 757 888 830; x_wconf 81' lang='lat' dir='ltr'>confestim</span> <span class='ocrx_word' id='word_1_13' title='bbox 908 776 1043 832; x_wconf 86' lang='lat' dir='ltr'>coactus</span> <span class='ocrx_word' id='word_1_14' title='bbox 1065 775 1113 830; x_wconf 84' lang='lat' dir='ltr'>eat</span> <span class='ocrx_word' id='word_1_15' title='bbox 1136 760 1283 830; x_wconf 88' lang='lat' dir='ltr'>ducere:</span> <span class='ocrx_word' id='word_1_16' title='bbox 1305 785 1374 830; x_wconf 91' lang='lat' dir='ltr'>nou</span> <span class='ocrx_word' id='word_1_17' title='bbox 1391 762 1461 828; x_wconf 86' lang='lat' dir='ltr'>sine</span> 
     </span>
     <span class='ocr_line' id='line_1_4' title="bbox 421 879 1461 976; baseline -0.001 -27"><span class='ocrx_word' id='word_1_18' title='bbox 421 905 542 976; x_wconf 87' lang='lat' dir='ltr'>magno</span> <span class='ocrx_word' id='word_1_19' title='bbox 558 905 682 975; x_wconf 86' lang='lat' dir='ltr'>angore</span> <span class='ocrx_word' id='word_1_20' title='bbox 700 881 822 972; x_wconf 87' lang='lat' dir='ltr'>animi,</span> <span class='ocrx_word' id='word_1_21' title='bbox 839 905 944 974; x_wconf 93' lang='lat' dir='ltr'>quum</span> <span class='ocrx_word' id='word_1_22' title='bbox 962 897 996 950; x_wconf 92' lang='lat' dir='ltr'>et</span> <span class='ocrx_word' id='word_1_23' title='bbox 1012 882 1202 976; x_wconf 73' lang='lat' dir='ltr'>Agrippinae</span> <span class='ocrx_word' id='word_1_24' title='bbox 1224 879 1461 951; x_wconf 89' lang='lat' dir='ltr'>comuetudine</span> 
     </span>
     <span class='ocr_line' id='line_1_5' title="bbox 420 1001 1462 1099; baseline 0 -30"><span class='ocrx_word' id='word_1_25' title='bbox 420 1017 606 1091; x_wconf 88' lang='lat' dir='ltr'>teneretur,</span> <span class='ocrx_word' id='word_1_26' title='bbox 624 1017 658 1072; x_wconf 90' lang='lat' dir='ltr'>et</span> <span class='ocrx_word' id='word_1_27' title='bbox 673 1001 769 1074; x_wconf 76' lang='lat' dir='ltr'>Juliae</span> <span class='ocrx_word' id='word_1_28' title='bbox 786 1029 894 1074; x_wconf 78' lang='lat' dir='ltr'>mores</span> <span class='ocrx_word' id='word_1_29' title='bbox 909 1003 1126 1099; x_wconf 60' lang='lat' dir='ltr'>improbarem</span> <span class='ocrx_word' id='word_1_30' title='bbox 1141 1018 1293 1097; x_wconf 87' lang='lat' dir='ltr'>utquam</span> <span class='ocrx_word' id='word_1_31' title='bbox 1308 1003 1462 1072; x_wconf 83' lang='lat' dir='ltr'>sensisset</span> 
     </span>
     <span class='ocr_line' id='line_1_6' title="bbox 420 1121 1462 1220; baseline -0.002 -28"><span class='ocrx_word' id='word_1_32' title='bbox 420 1123 472 1192; x_wconf 91' lang='lat' dir='ltr'>sui</span> <span class='ocrx_word' id='word_1_33' title='bbox 496 1147 629 1217; x_wconf 88' lang='lat' dir='ltr'>quoque</span> <span class='ocrx_word' id='word_1_34' title='bbox 649 1124 713 1194; x_wconf 89' lang='lat' dir='ltr'>sub</span> <span class='ocrx_word' id='word_1_35' title='bbox 735 1125 847 1219; x_wconf 89' lang='lat' dir='ltr'>priore</span> <span class='ocrx_word' id='word_1_36' title='bbox 868 1125 989 1196; x_wconf 89' lang='lat' dir='ltr'>marito</span> <span class='ocrx_word' id='word_1_37' title='bbox 1012 1137 1240 1220; x_wconf 80' lang='lat' dir='ltr'>appetentem,</span> <span class='ocrx_word' id='word_1_38' title='bbox 1266 1121 1357 1216; x_wconf 88' lang='lat' dir='ltr'>quod</span> <span class='ocrx_word' id='word_1_39' title='bbox 1381 1145 1462 1191; x_wconf 87' lang='lat' dir='ltr'>sane</span> 
     </span>
     <span class='ocr_line' id='line_1_7' title="bbox 418 1242 1463 1340; baseline -0.002 -28"><span class='ocrx_word' id='word_1_40' title='bbox 418 1243 519 1312; x_wconf 89' lang='lat' dir='ltr'>etiam</span> <span class='ocrx_word' id='word_1_41' title='bbox 536 1242 639 1340; x_wconf 83' lang='lat' dir='ltr'>vulgo</span> <span class='ocrx_word' id='word_1_42' title='bbox 655 1245 913 1314; x_wconf 79' lang='lat' dir='ltr'>existimabatur.</span> <span class='ocrx_word' id='word_1_43' title='bbox 937 1244 1003 1316; x_wconf 88' lang='lat' dir='ltr'>Sed</span> <span class='ocrx_word' id='word_1_44' title='bbox 1021 1244 1241 1340; x_wconf 81' lang='lat' dir='ltr'>Agrippinam</span> <span class='ocrx_word' id='word_1_45' title='bbox 1260 1257 1294 1313; x_wconf 91' lang='lat' dir='ltr'>et</span> <span class='ocrx_word' id='word_1_46' title='bbox 1314 1243 1463 1338; x_wconf 74' lang='lat' dir='ltr'>abegisse</span> 
     </span>
     <span class='ocr_line' id='line_1_8' title="bbox 419 1363 1462 1459; baseline -0.001 -26"><span class='ocrx_word' id='word_1_47' title='bbox 419 1379 494 1458; x_wconf 87' lang='lat' dir='ltr'>post</span> <span class='ocrx_word' id='word_1_48' title='bbox 519 1363 701 1436; x_wconf 84' lang='lat' dir='ltr'>divortium</span> <span class='ocrx_word' id='word_1_49' title='bbox 718 1364 845 1455; x_wconf 88' lang='lat' dir='ltr'>doluit;</span> <span class='ocrx_word' id='word_1_50' title='bbox 867 1381 902 1436; x_wconf 89' lang='lat' dir='ltr'>et</span> <span class='ocrx_word' id='word_1_51' title='bbox 919 1365 1018 1436; x_wconf 84' lang='lat' dir='ltr'>semel</span> <span class='ocrx_word' id='word_1_52' title='bbox 1038 1367 1175 1436; x_wconf 89' lang='lat' dir='ltr'>omnino</span> <span class='ocrx_word' id='word_1_53' title='bbox 1193 1390 1234 1436; x_wconf 86' lang='lat' dir='ltr'>ex</span> <span class='ocrx_word' id='word_1_54' title='bbox 1252 1389 1391 1459; x_wconf 73' lang='lat' dir='ltr'>occursu</span> <span class='ocrx_word' id='word_1_55' title='bbox 1410 1364 1462 1432; x_wconf 85' lang='lat' dir='ltr'>vi·</span> 
     </span>
     <span class='ocr_line' id='line_1_9' title="bbox 418 1485 1461 1580; baseline -0.002 -26"><span class='ocrx_word' id='word_1_56' title='bbox 418 1509 488 1554; x_wconf 87' lang='lat' dir='ltr'>sam</span> <span class='ocrx_word' id='word_1_57' title='bbox 505 1485 588 1556; x_wconf 89' lang='lat' dir='ltr'>adeo</span> <span class='ocrx_word' id='word_1_58' title='bbox 605 1487 769 1556; x_wconf 91' lang='lat' dir='ltr'>contentis</span> <span class='ocrx_word' id='word_1_59' title='bbox 785 1501 818 1556; x_wconf 88' lang='lat' dir='ltr'>et</span> <span class='ocrx_word' id='word_1_60' title='bbox 836 1487 1039 1557; x_wconf 86' lang='lat' dir='ltr'>tumentibus</span> <span class='ocrx_word' id='word_1_61' title='bbox 1058 1485 1163 1557; x_wconf 88' lang='lat' dir='ltr'>oculis</span> <span class='ocrx_word' id='word_1_62' title='bbox 1180 1499 1374 1580; x_wconf 84' lang='lat' dir='ltr'>prosecutus</span> <span class='ocrx_word' id='word_1_63' title='bbox 1392 1499 1461 1571; x_wconf 92' lang='lat' dir='ltr'>est,</span> 
     </span>
     <span class='ocr_line' id='line_1_10' title="bbox 419 1604 1463 1702; baseline -0.001 -28"><span class='ocrx_word' id='word_1_64' title='bbox 419 1620 457 1674; x_wconf 89' lang='lat' dir='ltr'>ut</span> <span class='ocrx_word' id='word_1_65' title='bbox 472 1604 678 1676; x_wconf 89' lang='lat' dir='ltr'>custoditum</span> <span class='ocrx_word' id='word_1_66' title='bbox 696 1607 758 1695; x_wconf 89' lang='lat' dir='ltr'>sit,</span> <span class='ocrx_word' id='word_1_67' title='bbox 779 1632 821 1676; x_wconf 89' lang='lat' dir='ltr'>ne</span> <span class='ocrx_word' id='word_1_68' title='bbox 840 1631 988 1702; x_wconf 89' lang='lat' dir='ltr'>unquam</span> <span class='ocrx_word' id='word_1_69' title='bbox 1006 1609 1040 1676; x_wconf 92' lang='lat' dir='ltr'>in</span> <span class='ocrx_word' id='word_1_70' title='bbox 1058 1621 1275 1702; x_wconf 88' lang='lat' dir='ltr'>conspectum</span> <span class='ocrx_word' id='word_1_71' title='bbox 1288 1607 1359 1700; x_wconf 84' lang='lat' dir='ltr'>ejus</span> <span class='ocrx_word' id='word_1_72' title='bbox 1371 1619 1463 1699; x_wconf 88' lang='lat' dir='ltr'>post-</span> 
     </span>
     <span class='ocr_line' id='line_1_11' title="bbox 419 1726 1463 1822; baseline 0 -27"><span class='ocrx_word' id='word_1_73' title='bbox 419 1727 480 1795; x_wconf 89' lang='lat' dir='ltr'>bac</span> <span class='ocrx_word' id='word_1_74' title='bbox 511 1727 648 1796; x_wconf 86' lang='lat' dir='ltr'>veniret.</span> <span class='ocrx_word' id='word_1_75' title='bbox 675 1729 764 1798; x_wconf 91' lang='lat' dir='ltr'>Cum</span> <span class='ocrx_word' id='word_1_76' title='bbox 793 1726 881 1798; x_wconf 85' lang='lat' dir='ltr'>Julia</span> <span class='ocrx_word' id='word_1_77' title='bbox 909 1729 1017 1822; x_wconf 90' lang='lat' dir='ltr'>primo</span> <span class='ocrx_word' id='word_1_78' title='bbox 1048 1727 1257 1798; x_wconf 88' lang='lat' dir='ltr'>concorditer</span> <span class='ocrx_word' id='word_1_79' title='bbox 1283 1739 1317 1796; x_wconf 87' lang='lat' dir='ltr'>et</span> <span class='ocrx_word' id='word_1_80' title='bbox 1346 1751 1463 1796; x_wconf 88' lang='lat' dir='ltr'>amore</span> 
     </span>
     <span class='ocr_line' id='line_1_12' title="bbox 418 1848 1464 1944; baseline -0.002 -26"><span class='ocrx_word' id='word_1_81' title='bbox 418 1863 537 1920; x_wconf 91' lang='lat' dir='ltr'>mutuo</span> <span class='ocrx_word' id='word_1_82' title='bbox 567 1850 680 1919; x_wconf 83' lang='lat' dir='ltr'>vixit:</span> <span class='ocrx_word' id='word_1_83' title='bbox 705 1874 783 1919; x_wconf 86' lang='lat' dir='ltr'>mox</span> <span class='ocrx_word' id='word_1_84' title='bbox 808 1849 963 1938; x_wconf 87' lang='lat' dir='ltr'>dissedit,</span> <span class='ocrx_word' id='word_1_85' title='bbox 991 1864 1026 1920; x_wconf 88' lang='lat' dir='ltr'>et</span> <span class='ocrx_word' id='word_1_86' title='bbox 1050 1848 1220 1944; x_wconf 89' lang='lat' dir='ltr'>aliquanto</span> <span class='ocrx_word' id='word_1_87' title='bbox 1248 1849 1402 1943; x_wconf 82' lang='lat' dir='ltr'>gravius,</span> <span class='ocrx_word' id='word_1_88' title='bbox 1424 1863 1464 1916; x_wconf 92' lang='lat' dir='ltr'>ut</span> 
     </span>
     <span class='ocr_line' id='line_1_13' title="bbox 417 1967 1463 2066; baseline -0.001 -28"><span class='ocrx_word' id='word_1_89' title='bbox 417 1970 518 2039; x_wconf 89' lang='lat' dir='ltr'>etiam</span> <span class='ocrx_word' id='word_1_90' title='bbox 535 1984 698 2065; x_wconf 85' lang='lat' dir='ltr'>perpetuo</span> <span class='ocrx_word' id='word_1_91' title='bbox 717 1971 907 2058; x_wconf 73' lang='lat' dir='ltr'>recubaret,</span> <span class='ocrx_word' id='word_1_92' title='bbox 924 1971 1107 2066; x_wconf 89' lang='lat' dir='ltr'>intercepto</span> <span class='ocrx_word' id='word_1_93' title='bbox 1124 1969 1309 2040; x_wconf 87' lang='lat' dir='ltr'>communis</span> <span class='ocrx_word' id='word_1_94' title='bbox 1329 1967 1388 2038; x_wconf 84' lang='lat' dir='ltr'>filii</span> <span class='ocrx_word' id='word_1_95' title='bbox 1409 1970 1463 2062; x_wconf 85' lang='lat' dir='ltr'>pi·</span> 
     </span>
     <span class='ocr_line' id='line_1_14' title="bbox 418 2090 1463 2186; baseline -0.002 -27"><span class='ocrx_word' id='word_1_96' title='bbox 418 2115 541 2184; x_wconf 85' lang='lat' dir='ltr'>gnore,</span> <span class='ocrx_word' id='word_1_97' title='bbox 559 2093 618 2186; x_wconf 94' lang='lat' dir='ltr'>qui</span> <span class='ocrx_word' id='word_1_98' title='bbox 631 2090 788 2186; x_wconf 74' lang='lat' dir='ltr'>Aquileiae</span> <span class='ocrx_word' id='word_1_99' title='bbox 804 2107 901 2161; x_wconf 88' lang='lat' dir='ltr'>natus</span> <span class='ocrx_word' id='word_1_100' title='bbox 918 2091 1025 2161; x_wconf 84' lang='lat' dir='ltr'>insana</span> <span class='ocrx_word' id='word_1_101' title='bbox 1039 2091 1222 2162; x_wconf 85' lang='lat' dir='ltr'>exstinctus</span> <span class='ocrx_word' id='word_1_102' title='bbox 1234 2105 1294 2160; x_wconf 90' lang='lat' dir='ltr'>est.</span> <span class='ocrx_word' id='word_1_103' title='bbox 1309 2093 1463 2160; x_wconf 82' lang='lat' dir='ltr'>Drusum</span> 
     </span>
     <span class='ocr_line' id='line_1_15' title="bbox 418 2209 1462 2306; baseline -0.001 -28"><span class='ocrx_word' id='word_1_104' title='bbox 418 2210 553 2280; x_wconf 86' lang='lat' dir='ltr'>fratrem</span> <span class='ocrx_word' id='word_1_105' title='bbox 573 2213 608 2280; x_wconf 90' lang='lat' dir='ltr'>in</span> <span class='ocrx_word' id='word_1_106' title='bbox 628 2213 810 2282; x_wconf 87' lang='lat' dir='ltr'>Germania</span> <span class='ocrx_word' id='word_1_107' title='bbox 825 2213 954 2299; x_wconf 82' lang='lat' dir='ltr'>amisit,</span> <span class='ocrx_word' id='word_1_108' title='bbox 971 2213 1067 2306; x_wconf 85' lang='lat' dir='ltr'>cnjus</span> <span class='ocrx_word' id='word_1_109' title='bbox 1079 2235 1220 2306; x_wconf 88' lang='lat' dir='ltr'>corpus,</span> <span class='ocrx_word' id='word_1_110' title='bbox 1235 2209 1373 2305; x_wconf 90' lang='lat' dir='ltr'>pedibus</span> <span class='ocrx_word' id='word_1_111' title='bbox 1385 2223 1462 2279; x_wconf 89' lang='lat' dir='ltr'>toto</span> 
     </span>
     <span class='ocr_line' id='line_1_16' title="bbox 419 2331 1244 2427; baseline 0.002 -31"><span class='ocrx_word' id='word_1_112' title='bbox 419 2331 536 2400; x_wconf 86' lang='lat' dir='ltr'>itinere</span> <span class='ocrx_word' id='word_1_113' title='bbox 555 2331 794 2426; x_wconf 71' lang='lat' dir='ltr'>praegrediens,</span> <span class='ocrx_word' id='word_1_114' title='bbox 813 2337 953 2403; x_wconf 87' lang='lat' dir='ltr'>Romam</span> <span class='ocrx_word' id='word_1_115' title='bbox 969 2357 1073 2426; x_wconf 90' lang='lat' dir='ltr'>usque</span> <span class='ocrx_word' id='word_1_116' title='bbox 1086 2331 1244 2427; x_wconf 87' lang='lat' dir='ltr'>pervexit.</span> 
     </span>
    </p>

    <p class='ocr_par' dir='ltr' id='par_1_3' title="bbox 418 2451 1463 2667">
     <span class='ocr_line' id='line_1_17' title="bbox 467 2451 1463 2548; baseline 0 -28"><span class='ocrx_word' id='word_1_117' title='bbox 467 2453 558 2520; x_wconf 89' lang='lat' dir='ltr'>VIlI.</span> <span class='ocrx_word' id='word_1_118' title='bbox 585 2451 741 2522; x_wconf 75' lang='lat' dir='ltr'>Ciuilium</span> <span class='ocrx_word' id='word_1_119' title='bbox 763 2453 951 2523; x_wconf 87' lang='lat' dir='ltr'>officiorum</span> <span class='ocrx_word' id='word_1_120' title='bbox 977 2452 1172 2522; x_wconf 89' lang='lat' dir='ltr'>rudimentis</span> <span class='ocrx_word' id='word_1_121' title='bbox 1200 2475 1310 2548; x_wconf 83' lang='lat' dir='ltr'>regem</span> <span class='ocrx_word' id='word_1_122' title='bbox 1330 2453 1463 2524; x_wconf 75' lang='lat' dir='ltr'>Arche-</span> 
     </span>
     <span class='ocr_line' id='line_1_18' title="bbox 418 2571 1463 2667; baseline 0.001 -27"><span class='ocrx_word' id='word_1_123' title='bbox 418 2572 523 2659; x_wconf 89' lang='lat' dir='ltr'>laum,</span> <span class='ocrx_word' id='word_1_124' title='bbox 538 2571 737 2663; x_wconf 83' lang='lat' dir='ltr'>Trallianos,</span> <span class='ocrx_word' id='word_1_125' title='bbox 751 2588 786 2644; x_wconf 93' lang='lat' dir='ltr'>et</span> <span class='ocrx_word' id='word_1_126' title='bbox 801 2571 994 2660; x_wconf 84' lang='lat' dir='ltr'>Thessalos,</span> <span class='ocrx_word' id='word_1_127' title='bbox 1015 2575 1103 2642; x_wconf 86' lang='lat' dir='ltr'>varia</span> <span class='ocrx_word' id='word_1_128' title='bbox 1116 2597 1267 2667; x_wconf 87' lang='lat' dir='ltr'>quosque</span> <span class='ocrx_word' id='word_1_129' title='bbox 1282 2571 1324 2641; x_wconf 92' lang='lat' dir='ltr'>de</span> <span class='ocrx_word' id='word_1_130' title='bbox 1339 2597 1463 2660; x_wconf 84' lang='lat' dir='ltr'>causa,</span> 
     </span>
    </p>
   </div>
   <div class='ocr_carea' id='block_1_3' title="bbox 414 2692 1469 3392">
    <p class='ocr_par' dir='ltr' id='par_1_4' title="bbox 414 2692 1469 3392">
     <span class='ocr_line' id='line_1_19' title="bbox 417 2692 1462 2790; baseline -0.002 -28"><span class='ocrx_word' id='word_1_131' title='bbox 417 2695 567 2788; x_wconf 84' lang='lat' dir='ltr'>Augusto</span> <span class='ocrx_word' id='word_1_132' title='bbox 585 2707 822 2790; x_wconf 82' lang='lat' dir='ltr'>cognoscente,</span> <span class='ocrx_word' id='word_1_133' title='bbox 842 2692 998 2766; x_wconf 85' lang='lat' dir='ltr'>defendit.</span> <span class='ocrx_word' id='word_1_134' title='bbox 1016 2697 1082 2763; x_wconf 89' lang='lat' dir='ltr'>Pro</span> <span class='ocrx_word' id='word_1_135' title='bbox 1100 2693 1309 2778; x_wconf 82' lang='lat' dir='ltr'>laodicenis,</span> <span class='ocrx_word' id='word_1_136' title='bbox 1322 2692 1462 2786; x_wconf 82' lang='lat' dir='ltr'>Thyati-</span> 
     </span>
     <span class='ocr_line' id='line_1_20' title="bbox 416 2813 1461 2910; baseline 0 -28"><span class='ocrx_word' id='word_1_137' title='bbox 416 2815 523 2903; x_wconf 81' lang='lat' dir='ltr'>renis,</span> <span class='ocrx_word' id='word_1_138' title='bbox 541 2815 652 2904; x_wconf 87' lang='lat' dir='ltr'>Chiis,</span> <span class='ocrx_word' id='word_1_139' title='bbox 673 2831 769 2885; x_wconf 79' lang='lat' dir='ltr'>terrae</span> <span class='ocrx_word' id='word_1_140' title='bbox 788 2830 882 2886; x_wconf 91' lang='lat' dir='ltr'>motu</span> <span class='ocrx_word' id='word_1_141' title='bbox 899 2814 1047 2902; x_wconf 86' lang='lat' dir='ltr'>afflictis,</span> <span class='ocrx_word' id='word_1_142' title='bbox 1066 2837 1229 2910; x_wconf 88' lang='lat' dir='ltr'>opemque</span> <span class='ocrx_word' id='word_1_143' title='bbox 1245 2813 1461 2909; x_wconf 88' lang='lat' dir='ltr'>imploranti·</span> 
     </span>
     <span class='ocr_line' id='line_1_21' title="bbox 416 2935 1464 3030; baseline -0.002 -27"><span class='ocrx_word' id='word_1_144' title='bbox 416 2935 494 3022; x_wconf 90' lang='lat' dir='ltr'>bus,</span> <span class='ocrx_word' id='word_1_145' title='bbox 516 2947 667 3004; x_wconf 88' lang='lat' dir='ltr'>senatum</span> <span class='ocrx_word' id='word_1_146' title='bbox 690 2935 884 3030; x_wconf 89' lang='lat' dir='ltr'>deprecatus</span> <span class='ocrx_word' id='word_1_147' title='bbox 904 2949 963 3004; x_wconf 92' lang='lat' dir='ltr'>est.</span> <span class='ocrx_word' id='word_1_148' title='bbox 984 2935 1148 3004; x_wconf 85' lang='lat' dir='ltr'>Fannium</span> <span class='ocrx_word' id='word_1_149' title='bbox 1168 2936 1374 3029; x_wconf 75' lang='lat' dir='ltr'>cepionem,</span> <span class='ocrx_word' id='word_1_150' title='bbox 1400 2937 1464 3028; x_wconf 89' lang='lat' dir='ltr'>qui</span> 
     </span>
     <span class='ocr_line' id='line_1_22' title="bbox 416 3056 1465 3151; baseline -0.001 -28"><span class='ocrx_word' id='word_1_151' title='bbox 416 3079 492 3123; x_wconf 88' lang='lat' dir='ltr'>cum</span> <span class='ocrx_word' id='word_1_152' title='bbox 506 3057 658 3124; x_wconf 90' lang='lat' dir='ltr'>Varrone</span> <span class='ocrx_word' id='word_1_153' title='bbox 678 3057 821 3124; x_wconf 87' lang='lat' dir='ltr'>Murena</span> <span class='ocrx_word' id='word_1_154' title='bbox 834 3057 868 3124; x_wconf 93' lang='lat' dir='ltr'>in</span> <span class='ocrx_word' id='word_1_155' title='bbox 880 3059 1070 3150; x_wconf 86' lang='lat' dir='ltr'>Augustum</span> <span class='ocrx_word' id='word_1_156' title='bbox 1084 3056 1347 3151; x_wconf 86' lang='lat' dir='ltr'>conspiraverat,</span> <span class='ocrx_word' id='word_1_157' title='bbox 1361 3079 1465 3123; x_wconf 92' lang='lat' dir='ltr'>reum</span> 
     </span>
     <span class='ocr_line' id='line_1_23' title="bbox 416 3173 1468 3269; baseline 0.002 -27"><span class='ocrx_word' id='word_1_158' title='bbox 416 3175 594 3268; x_wconf 84' lang='lat' dir='ltr'>majestatis</span> <span class='ocrx_word' id='word_1_159' title='bbox 611 3174 701 3269; x_wconf 87' lang='lat' dir='ltr'>apud</span> <span class='ocrx_word' id='word_1_160' title='bbox 716 3173 845 3269; x_wconf 89' lang='lat' dir='ltr'>judices</span> <span class='ocrx_word' id='word_1_161' title='bbox 865 3175 958 3263; x_wconf 88' lang='lat' dir='ltr'>fecit,</span> <span class='ocrx_word' id='word_1_162' title='bbox 979 3191 1012 3245; x_wconf 90' lang='lat' dir='ltr'>et</span> <span class='ocrx_word' id='word_1_163' title='bbox 1032 3175 1274 3246; x_wconf 89' lang='lat' dir='ltr'>condemnavit.</span> <span class='ocrx_word' id='word_1_164' title='bbox 1299 3177 1468 3269; x_wconf 84' lang='lat' dir='ltr'>Interque</span> 
     </span>
     <span class='ocr_line' id='line_1_24' title="bbox 414 3293 1469 3392; baseline 0.001 -29"><span class='ocrx_word' id='word_1_165' title='bbox 414 3295 483 3364; x_wconf 77' lang='lat' dir='ltr'>haec</span> <span class='ocrx_word' id='word_1_166' title='bbox 499 3293 664 3392; x_wconf 88' lang='lat' dir='ltr'>duplicem</span> <span class='ocrx_word' id='word_1_167' title='bbox 682 3319 796 3365; x_wconf 89' lang='lat' dir='ltr'>curam</span> <span class='ocrx_word' id='word_1_168' title='bbox 814 3295 1073 3383; x_wconf 83' lang='lat' dir='ltr'>administravit,</span> <span class='ocrx_word' id='word_1_169' title='bbox 1089 3321 1246 3386; x_wconf 70' lang='lat' dir='ltr'>annonae,</span> <span class='ocrx_word' id='word_1_170' title='bbox 1262 3319 1337 3388; x_wconf 84' lang='lat' dir='ltr'>quae</span> <span class='ocrx_word' id='word_1_171' title='bbox 1351 3298 1469 3364; x_wconf 86' lang='lat' dir='ltr'>artior</span> 
     </span>
    </p>
   </div>
   <div class='ocr_carea' id='block_1_4' title="bbox 414 3414 1477 4234">
    <p class='ocr_par' dir='ltr' id='par_1_5' title="bbox 414 3414 1471 3872">
     <span class='ocr_line' id='line_1_25' title="bbox 416 3414 1469 3512; baseline -0.001 -27"><span class='ocrx_word' id='word_1_172' title='bbox 416 3417 592 3501; x_wconf 87' lang='lat' dir='ltr'>inciderat,</span> <span class='ocrx_word' id='word_1_173' title='bbox 618 3432 651 3486; x_wconf 91' lang='lat' dir='ltr'>et</span> <span class='ocrx_word' id='word_1_174' title='bbox 674 3417 961 3512; x_wconf 87' lang='lat' dir='ltr'>repurgandorum</span> <span class='ocrx_word' id='word_1_175' title='bbox 983 3432 1053 3486; x_wconf 86' lang='lat' dir='ltr'>tota</span> <span class='ocrx_word' id='word_1_176' title='bbox 1071 3415 1168 3488; x_wconf 86' lang='lat' dir='ltr'>ltalia</span> <span class='ocrx_word' id='word_1_177' title='bbox 1186 3414 1469 3512; x_wconf 85' lang='lat' dir='ltr'>ergastulorum,</span> 
     </span>
     <span class='ocr_line' id='line_1_26' title="bbox 414 3535 1471 3632; baseline 0 -26"><span class='ocrx_word' id='word_1_178' title='bbox 414 3563 557 3631; x_wconf 90' lang='lat' dir='ltr'>qnorum</span> <span class='ocrx_word' id='word_1_179' title='bbox 585 3535 711 3606; x_wconf 90' lang='lat' dir='ltr'>domini</span> <span class='ocrx_word' id='word_1_180' title='bbox 738 3539 771 3606; x_wconf 89' lang='lat' dir='ltr'>in</span> <span class='ocrx_word' id='word_1_181' title='bbox 799 3537 957 3606; x_wconf 86' lang='lat' dir='ltr'>invidiam</span> <span class='ocrx_word' id='word_1_182' title='bbox 980 3553 1159 3622; x_wconf 84' lang='lat' dir='ltr'>uenerant,</span> <span class='ocrx_word' id='word_1_183' title='bbox 1182 3537 1277 3632; x_wconf 88' lang='lat' dir='ltr'>quasi</span> <span class='ocrx_word' id='word_1_184' title='bbox 1300 3553 1471 3632; x_wconf 77' lang='lat' dir='ltr'>exceptos</span> 
     </span>
     <span class='ocr_line' id='line_1_27' title="bbox 415 3656 1471 3752; baseline 0.002 -26"><span class='ocrx_word' id='word_1_185' title='bbox 415 3657 679 3752; x_wconf 87' lang='lat' dir='ltr'>supprimerent,</span> <span class='ocrx_word' id='word_1_186' title='bbox 704 3683 770 3726; x_wconf 91' lang='lat' dir='ltr'>nou</span> <span class='ocrx_word' id='word_1_187' title='bbox 797 3656 905 3726; x_wconf 92' lang='lat' dir='ltr'>solum</span> <span class='ocrx_word' id='word_1_188' title='bbox 933 3657 1096 3746; x_wconf 85' lang='lat' dir='ltr'>viatores,</span> <span class='ocrx_word' id='word_1_189' title='bbox 1114 3657 1171 3728; x_wconf 88' lang='lat' dir='ltr'>sed</span> <span class='ocrx_word' id='word_1_190' title='bbox 1192 3673 1225 3727; x_wconf 91' lang='lat' dir='ltr'>et</span> <span class='ocrx_word' id='word_1_191' title='bbox 1242 3683 1327 3752; x_wconf 90' lang='lat' dir='ltr'>quos</span> <span class='ocrx_word' id='word_1_192' title='bbox 1344 3682 1471 3728; x_wconf 85' lang='lat' dir='ltr'>sacra·</span> 
     </span>
     <span class='ocr_line' id='line_1_28' title="bbox 414 3777 1302 3872; baseline 0.002 -26"><span class='ocrx_word' id='word_1_193' title='bbox 414 3779 515 3848; x_wconf 87' lang='lat' dir='ltr'>menti</span> <span class='ocrx_word' id='word_1_194' title='bbox 531 3792 637 3847; x_wconf 85' lang='lat' dir='ltr'>metus</span> <span class='ocrx_word' id='word_1_195' title='bbox 655 3777 696 3848; x_wconf 91' lang='lat' dir='ltr'>ad</span> <span class='ocrx_word' id='word_1_196' title='bbox 715 3778 905 3871; x_wconf 90' lang='lat' dir='ltr'>hujusmodi</span> <span class='ocrx_word' id='word_1_197' title='bbox 921 3777 1061 3851; x_wconf 86' lang='lat' dir='ltr'>latebras</span> <span class='ocrx_word' id='word_1_198' title='bbox 1079 3777 1302 3872; x_wconf 85' lang='lat' dir='ltr'>compulisset.</span> 
     </span>
    </p>

    <p class='ocr_par' dir='ltr' id='par_1_6' title="bbox 415 3898 1477 4234">
     <span class='ocr_line' id='line_1_29' title="bbox 462 3898 1476 3994; baseline 0.003 -25"><span class='ocrx_word' id='word_1_199' title='bbox 462 3903 519 3969; x_wconf 84' lang='lat' dir='ltr'>lx.</span> <span class='ocrx_word' id='word_1_200' title='bbox 541 3898 711 3994; x_wconf 86' lang='lat' dir='ltr'>Stipendia</span> <span class='ocrx_word' id='word_1_201' title='bbox 730 3899 838 3994; x_wconf 88' lang='lat' dir='ltr'>prima</span> <span class='ocrx_word' id='word_1_202' title='bbox 855 3898 1062 3994; x_wconf 85' lang='lat' dir='ltr'>expeditione</span> <span class='ocrx_word' id='word_1_203' title='bbox 1081 3900 1280 3971; x_wconf 86' lang='lat' dir='ltr'>Cantabrica</span> <span class='ocrx_word' id='word_1_204' title='bbox 1303 3900 1476 3972; x_wconf 88' lang='lat' dir='ltr'>tribunus</span> 
     </span>
     <span class='ocr_line' id='line_1_30' title="bbox 415 4002 1475 4106; baseline 0.004 -19"><span class='ocrx_word' id='word_1_205' title='bbox 415 4021 558 4090; x_wconf 88' lang='lat' dir='ltr'>militum</span> <span class='ocrx_word' id='word_1_206' title='bbox 586 4002 690 4090; x_wconf 82' lang='lat' dir='ltr'>fecit:</span> <span class='ocrx_word' id='word_1_207' title='bbox 716 4019 811 4106; x_wconf 91' lang='lat' dir='ltr'>dein,</span> <span class='ocrx_word' id='word_1_208' title='bbox 832 4020 936 4088; x_wconf 80' lang='lat' dir='ltr'>ducto</span> <span class='ocrx_word' id='word_1_209' title='bbox 958 4019 1000 4088; x_wconf 90' lang='lat' dir='ltr'>ad</span> <span class='ocrx_word' id='word_1_210' title='bbox 1025 4023 1198 4090; x_wconf 84' lang='lat' dir='ltr'>Orientem</span> <span class='ocrx_word' id='word_1_211' title='bbox 1216 4021 1384 4106; x_wconf 84' lang='lat' dir='ltr'>exercitu,</span> <span class='ocrx_word' id='word_1_212' title='bbox 1407 4049 1475 4091; x_wconf 89' lang='lat' dir='ltr'>re·</span> 
     </span>
     <span class='ocr_line' id='line_1_31' title="bbox 416 4139 1477 4234; baseline 0.004 -26"><span class='ocrx_word' id='word_1_213' title='bbox 416 4167 518 4233; x_wconf 83' lang='lat' dir='ltr'>gnum</span> <span class='ocrx_word' id='word_1_214' title='bbox 541 4143 701 4210; x_wconf 71' lang='lat' dir='ltr'>Armeniae</span> <span class='ocrx_word' id='word_1_215' title='bbox 719 4142 854 4234; x_wconf 87' lang='lat' dir='ltr'>Tigrani</span> <span class='ocrx_word' id='word_1_216' title='bbox 876 4141 1038 4226; x_wconf 88' lang='lat' dir='ltr'>restituit,</span> <span class='ocrx_word' id='word_1_217' title='bbox 1060 4165 1098 4208; x_wconf 91' lang='lat' dir='ltr'>ac</span> <span class='ocrx_word' id='word_1_218' title='bbox 1120 4167 1181 4234; x_wconf 88' lang='lat' dir='ltr'>pro</span> <span class='ocrx_word' id='word_1_219' title='bbox 1204 4139 1362 4210; x_wconf 86' lang='lat' dir='ltr'>tribunali</span> <span class='ocrx_word' id='word_1_220' title='bbox 1387 4143 1477 4212; x_wconf 88' lang='lat' dir='ltr'>dia-</span> 
     </span>
    </p>
   </div>
   <div class='ocr_carea' id='block_1_5' title="bbox 0 0 1558 5434">
    <p class='ocr_par' dir='ltr' id='par_1_7' title="bbox 0 0 1558 5434">
     <span class='ocr_line' id='line_1_32' title="bbox 0 0 1558 5434; baseline 0 1"><span class='ocrx_word' id='word_1_221' title='bbox 0 0 1558 5434; x_wconf 95' lang='lat' dir='ltr'> </span> 
     </span>
    </p>
   </div>
  </div>
 </body>
</html>
