3108 5434
506 507 688 562 muamus.
1063 503 1116 584 159
1228 537 1233 546 -

94 628 189 698 redire
208 643 368 716 conatus,
386 629 485 700 semel
509 631 634 699 triremi
654 653 756 724 usque
776 629 819 698 ad
838 632 1005 724 proximos
1023 633 1115 702 Nau·

94 749 220 817 macbiae
231 749 349 820 hortos
365 749 540 818 subvectus
557 765 626 835 est,
641 749 799 846 disposita
809 752 951 820 statione
960 775 1018 845 per
1027 752 1118 845 ripas

93 869 229 954 Tiberis,
251 893 324 962 quae
347 871 480 938 obviam
506 870 705 963 prodeuntes
730 885 972 958 summoveret;
997 871 1116 942 iterum

95 989 191 1080 Appia
203 987 363 1081 usquead
374 991 549 1086 septimum
563 987 723 1083 lapidem,
741 989 799 1059 sed
810 991 992 1085 prospectis
1002 991 1116 1076 modo,

95 1130 144 1174 nec
160 1107 258 1176 aditis
271 1109 363 1176 urbis
375 1109 557 1194 monibus,
575 1109 688 1198 rediit;
708 1111 832 1204 primo,
851 1112 1030 1199 incertum,
1051 1137 1117 1205 qua

94 1225 127 1294 de
135 1251 246 1314 cansa3
257 1241 531 1321 postea,ostento
541 1231 687 1298 territus.
699 1233 780 1299 Erat
799 1231 829 1300 ei
843 1231 877 1299 in
896 1228 1118 1304 oblectamen·

95 1346 128 1412 tis
140 1371 273 1441 serpens
283 1346 401 1430 draco,
419 1373 517 1441 quem
535 1373 575 1417 ex
588 1349 827 1419 consuetudine
840 1375 939 1418 manu
958 1375 1017 1418 sua
1030 1351 1118 1420 ciba·

94 1479 194 1555 turus,
211 1491 320 1560 quum
336 1483 548 1538 consumtum
566 1494 585 1538 a
605 1469 752 1538 formicis
765 1471 956 1556 invenisset,
972 1471 1117 1541 monitus

92 1601 147 1674 est,
165 1603 203 1655 ut
220 1588 290 1656 vim
308 1587 532 1658 multitudinis
556 1605 696 1658 caveret.
712 1589 854 1659 Rediens
877 1615 956 1684 ergo
975 1613 1118 1684 propere

92 1707 320 1798 Campaniam,
340 1707 466 1778 deturae
482 1711 517 1776 in
538 1707 732 1804 languorem
751 1709 885 1778 incidit:
900 1734 967 1802 quo
980 1708 1117 1804 paulum

94 1822 208 1896 levatus
227 1828 377 1896 Circeios
394 1812 570 1922 pertendit.
588 1833 637 1899 Ac
649 1854 691 1898 ne
710 1853 810 1922 quam
828 1830 1050 1923 suspicionem
1069 1831 1117 1898 in·

93 1944 247 2016 firmitatis
256 1947 370 2034 daret,
390 1949 611 2018 castrensibus
622 1947 709 2017 ludis
721 1973 788 2016 non
801 1963 932 2018 tantum
950 1949 1116 2037 interfuit,

92 2064 257 2136 sedetiam
277 2068 413 2136 missurn
434 2070 468 2136 iu
488 2091 622 2136 arenam
639 2093 756 2162 aprum
769 2067 887 2162 jaculis
904 2068 1045 2162 desuper
1061 2094 1117 2164 pe-

93 2185 347 2279 tiit:statimque
365 2185 467 2256 latere
485 2185 660 2275 convulso,
679 2201 727 2274 et,
744 2201 782 2255 ut
800 2202 1007 2272 exaestuaret,
1025 2187 1117 2256 affla-

93 2317 266 2391 bisaura,
296 2307 330 2372 in
357 2307 542 2400 graviorem
574 2305 691 2374 recidit
718 2307 882 2376 morbum.
898 2309 1116 2376 rSustentarrit

92 2437 193 2493 tamen
215 2423 442 2518 aliquamdiu,
465 2425 618 2518 quamvis
640 2426 808 2494 Misenum
835 2451 941 2519 usque
965 2426 1118 2495 devectus

93 2543 166 2612 nihil
184 2569 225 2612 ex
246 2543 363 2612 ordine
384 2543 579 2638 quotidiano
600 2547 888 2640 pretermitteret,
907 2569 950 2614 ne
969 2545 1120 2613 convivia

91 2664 217 2755 quidem
226 2689 267 2734 ac
276 2679 401 2734 ceteras
412 2663 617 2758 voluptates,
633 2667 755 2759 partim
765 2665 1036 2758 intemperantia,
1050 2689 1120 2757 par·

90 2783 144 2850 tim
153 2781 425 2852 dissimulatione.
437 2786 524 2854 Nam
535 2781 720 2854 Chariclem
732 2782 913 2871 medicum,
925 2783 1016 2876 quod
1030 2808 1119 2852 com·

88 2919 193 2972 meatu
204 2903 398 2991 abluturus,
409 2903 588 2972 econvivio
599 2903 790 2997 egrediens,
803 2927 938 2971 manum
947 2904 1009 2971 sibi
1022 2927 1121 2972 oscu-

88 3019 172 3091 landi
192 3047 293 3092 causa
320 3023 609 3117 apprehendisset,
629 3023 821 3092 existimans
846 3036 988 3112 tentatas
1012 3024 1054 3091 ab
1080 3049 1119 3092 eo

88 3166 199 3230 venas,
218 3168 391 3213 mutauere
408 3169 447 3213 ac
465 3145 655 3213 recumbere
671 3143 823 3212 hortatus
841 3157 908 3228 est,
927 3168 1119 3239 coenamque

87 3266 257 3354 protraxit.
280 3266 352 3333 Nec
371 3265 533 3334 abstinuit
553 3263 813 3352 consuetudine,
836 3264 917 3356 quin
935 3278 1016 3332 tunc
1034 3290 1119 3358 quo·

87 3407 149 3474 que
162 3386 290 3454 instans
304 3387 338 3454 in
357 3385 466 3453 medio
483 3383 642 3472 triclinio,
654 3383 804 3454 adstante
821 3382 952 3473 lictore,
974 3383 1121 3478 singulos

87 3502 194 3572 valere
213 3503 362 3574 dicentes
378 3502 569 3598 appellaret.
652 3578 661 3586 ,

131 3627 291 3693 LXXIII.
310 3626 464 3712 Interim,
481 3649 586 3718 quum
598 3625 632 3692 in
643 3626 722 3694 actis
736 3639 869 3694 senatus
881 3623 1026 3719 legisset,
1045 3622 1123 3690 adi-

84 3745 205 3812 missos
220 3769 259 3813 ac
277 3767 318 3812 ne
332 3743 463 3812 auditos
480 3743 613 3837 quidem
628 3743 787 3837 quosdam
807 3769 924 3832 reos,o
942 3743 1122 3836 dequibus

83 3865 245 3950 strictim,
256 3879 289 3932 et
302 3862 386 3932 nihil
403 3862 511 3949 aliud,
532 3887 632 3956 quam
649 3864 835 3932 nominatos
849 3864 891 3931 ab
903 3862 1027 3950 indice,
1043 3864 1121 3933 scri·

83 3998 222 4077 pacrat3
239 4009 300 4077 pro
319 3997 486 4052 contemto
505 4007 539 4052 se
555 3983 705 4052 habitum
719 3982 877 4066 fremens,
896 3997 1042 4075 repetere
1059 3985 1122 4051 Ca·
1217 4017 1221 4030 ·

85 4125 187 4193 preaa
207 4127 340 4195 quoquo
362 4102 464 4171 modo
488 4101 679 4188 destinarit,
700 4093 768 4171 don
789 4116 911 4170 temere
930 4102 1122 4194 quicquam,
