3114 5446
517 515 717 571 cesuutus.
1075 515 1130 572 aad

108 663 139 706 sc
160 662 259 733 super
282 639 343 708 hos
368 637 540 732 Polybium
561 639 736 725 astudiis,
755 639 811 732 qui
831 661 915 733 saepe
939 640 1024 708 inter
1044 639 1127 708 duos

109 758 249 827 eonsules
285 757 498 828 ambulabat:
530 759 586 828 scd
614 774 691 828 ante
721 783 835 828 omnes
865 759 1057 832 Narcissum
1087 761 1129 828 ab

109 875 261 972 epistolis,
278 893 312 948 et
330 877 510 948 Pallantem
531 903 549 948 a
570 877 770 967 rationibus,
793 903 878 972 quos
894 879 1027 948 decreto
1045 904 1128 973 quo·

109 1021 162 1090 que
179 1013 314 1066 senatus
333 1021 398 1066 non
414 998 554 1093 praemiis
568 993 667 1066 modo
685 997 893 1092 ingentibus,
913 997 1019 1067 sedet
1038 1023 1128 1092 qun·

109 1120 207 1186 storiis
229 1119 456 1212 praetoriisque
476 1121 679 1198 ornamentis
704 1118 861 1188 honorari
888 1116 992 1188 libens
1012 1143 1127 1212 passus

108 1256 162 1328 cst,
183 1255 315 1309 tantum
332 1255 486 1334 praeterea
506 1241 675 1334 acquirere
693 1254 726 1308 et
743 1263 874 1335 rapere,
898 1254 950 1326 ut,
969 1252 1128 1332 querente

109 1385 140 1429 eo
153 1360 322 1454 quondam
339 1361 380 1429 de
398 1361 466 1431 fisci
481 1361 675 1456 exiguitate,
691 1384 758 1429 non
774 1359 916 1430 absurde
926 1361 968 1429 sit
982 1357 1130 1446 dictum,

107 1480 403 1570 «Abundaturum,
435 1484 462 1552 si
498 1506 517 1551 a
550 1481 679 1551 duobus
711 1479 837 1550 libertis
864 1482 898 1549 in
923 1481 1126 1549 consortium

107 1604 345 1696 reciperetur.»

146 1724 272 1790 XXIX.
290 1724 368 1810 His,
383 1737 422 1792 ut
437 1721 523 1810 dixi,
538 1722 760 1815 uxoribusque
777 1721 942 1810 addictus,
953 1747 1019 1791 non
1032 1725 1126 1818 priu-

106 1842 223 1935 cipem‚
242 1841 301 1912 sed
319 1843 506 1912 ministrum
515 1844 592 1938 egit.
604 1841 810 1937 Compendio
819 1845 978 1938 cujusque
987 1845 1128 1931 horum,

106 1961 148 2028 rel
162 1965 265 2032 etiam
285 1961 396 2032 studio
411 1989 449 2033 ac
468 1963 624 2052 libidine,
642 1965 805 2049 honores,
824 1965 1129 2059 exercitus,·impu·

105 2082 234 2165 nitates‚
260 2083 422 2179 supplicia
439 2081 576 2180 largitus
592 2097 665 2154 est:
686 2099 719 2154 et
740 2083 872 2178 quidem
898 2086 1038 2154 insciens
1057 2084 1124 2180 ple·

104 2226 240 2296 rumque
264 2218 298 2272 et
322 2204 465 2298 ignarus.
493 2208 541 2275 Ac
567 2229 608 2272 nc
631 2203 821 2299 singillatim
846 2206 975 2274 minora
998 2231 1130 2300 quoque

104 2347 306 2410 enumerem,
324 2340 492 2394 revocatas
504 2322 713 2394 liberalitates
729 2326 815 2418 ejus,
831 2325 956 2419 judicia
975 2328 1129 2414 rescissa,

102 2443 288 2537 suppositos
309 2458 366 2512 aut
382 2445 481 2513 etiam
497 2443 606 2540 palam
626 2445 816 2515 immutatos
833 2445 985 2514 datorum
1004 2443 1127 2515 officio·

103 2585 170 2630 rum
194 2561 386 2650 codicillos;
412 2565 555 2658 Appium
581 2561 743 2652 Silanum,
767 2589 980 2634 consocerum
1009 2589 1129 2651 suurn,

100 2681 283 2776 Iuliasque,
314 2681 449 2752 alteram
480 2684 601 2772 Drusi,
629 2682 764 2752 alteram
790 2685 977 2755 Germanici
1008 2683 1129 2771 filiam,

99 2804 238 2870 sumine
254 2803 400 2889 incerto,
417 2826 478 2871 nec
494 2801 680 2871 defensione
696 2801 762 2871 ulla
779 2801 870 2889 data,
886 2801 1005 2871 occidit
1021 2829 1029 2871 :
1049 2803 1127 2874 item

98 2923 157 2990 Cn.
184 2923 399 3016 Pompeium,
427 2922 559 3016 majoris
588 2921 663 2992 liliae
690 2924 816 3010 virum,
842 2937 876 2992 et
902 2927 941 2993 L.
963 2921 1129 3012 Silanum,

96 3043 234 3112 minoris
264 3065 432 3138 sponsum.
459 3047 509 3113 Ex
539 3043 658 3136 quibus
680 3045 856 3138 Pompeius
889 3045 923 3114 in
950 3047 1128 3116 concubitu

95 3159 206 3232 dilecti
228 3160 464 3232 adolescentuli
487 3162 657 3233 corrfossus
674 3179 749 3234 est:
774 3161 904 3234 Silanus
924 3165 1077 3235 abdicare
1094 3191 1129 3235 sc

95 3297 242 3373 pratum
272 3297 352 3352 ante
384 3297 539 3377 quartum
570 3282 725 3354 kalendas
754 3285 940 3378 januarias,
979 3277 1130 3380 morique

93 3404 291 3500 initio3anni
309 3417 461 3489 coactus,
479 3403 532 3473 die
547 3401 619 3498 ipso
636 3400 767 3474 Claudii
786 3419 818 3472 et
832 3403 1023 3498 Agrippinae
1044 3429 1130 3499 nup-

92 3523 228 3594 tiarum.
253 3527 294 3593 In
319 3525 466 3618 quinque
490 3538 523 3594 et
544 3525 676 3618 triginta
696 3538 879 3612 senatores,
899 3537 1127 3617 trecentosque

90 3643 240 3738 amplius
264 3647 391 3738 equites
413 3667 566 3713 romanos
586 3657 677 3713 tanta
701 3642 855 3712 facilitate
877 3641 1127 3729 animadvertit,

88 3777 144 3848 ut,
179 3763 226 3833 de
255 3787 336 3833 nece
362 3761 544 3832 consularis
578 3763 640 3832 viri
672 3763 888 3831 renunciante
915 3762 1128 3848 centurione,

87 3911 104 3945 ι
119 3883 254 3953 lactum
274 3884 451 3978 essequod
469 3886 673 3980 imperasset,
690 3912 707 3946 a
723 3895 876 3976 negaret,
903 3883 1078 3974 quicquam
1095 3905 1130 3950 se

86 4004 288 4097 imperasse,
303 4002 409 4074 nihilo
421 4007 529 4086 minus
546 4027 613 4072 rem
629 4002 874 4097 comprobaret;
888 3999 1129 4070 affirmantibus

85 4118 242 4209 libertis,
261 4123 370 4208 officio
387 4121 506 4192 milites
525 4121 673 4211 functos,
694 4120 783 4215 quod
796 4117 1012 4189 adultionem
1025 4120 1127 4215 impc-
