3114 5446
429 535 485 574 ono
831 512 861 567 C.
882 509 1056 568 suttortu

427 643 516 710 mine
533 639 646 709 teneri.
665 637 817 714 Viatores
835 658 878 703 ne
894 659 952 729 per
968 633 1070 704 ltaliae
1081 634 1220 730 oppida,
1243 637 1304 705 uisi
1324 653 1380 706 aut
1396 664 1443 732 pe·

428 762 540 844 dibus,
563 773 621 830 aut
640 755 737 844 sella,
760 771 817 826 aut
836 755 952 826 lectica
972 757 1165 842 transirent,
1190 758 1320 826 monuit
1337 759 1443 829 edicto.

430 877 579 950 Puteolis
596 892 631 946 et
646 877 749 946 Ostiae
766 874 912 970 singulas
932 876 1083 945 cohortes
1103 874 1147 943 ad
1167 875 1326 945 arcendos
1346 877 1445 947 incen-

437 1000 568 1070 diorum
583 1021 677 1068 rasus
692 994 874 1066 collocavit.
890 997 1079 1091 Peregrina¹
1092 980 1290 1066 conditionis
1307 997 1446 1068 homines

432 1119 538 1188 vetuit
566 1141 727 1212 usurpare
760 1139 896 1188 romam
920 1114 1072 1200 nomina,
1098 1115 1258 1186 duntaxat
1280 1117 1446 1212 gentilicia.

431 1239 608 1309 Civitatem
626 1259 801 1306 mmanam
821 1251 1017 1330 usurpantes
1034 1237 1069 1304 in
1079 1259 1198 1331 campo
1216 1235 1388 1330 Esquilino
1405 1265 1448 1308 se·

432 1360 504 1428 curi
533 1358 702 1453 percussit
737 1357 928 1426 Provincias
956 1355 1112 1426 Achaiam
1142 1371 1176 1426 et
1208 1357 1449 1446 Macedoniam,

433 1503 517 1572 quas
529 1477 681 1547 Tiberius
694 1475 738 1545 ad
750 1499 864 1548 curam
878 1499 971 1548 suam
990 1475 1223 1563 transtulerat,
1239 1481 1368 1548 senatui
1385 1479 1451 1548 red·

430 1597 526 1668 didit
547 1597 673 1692 Lyciis,
689 1595 732 1664 ob
749 1592 931 1665 exitiabiles
950 1597 1035 1665 inter
1055 1619 1090 1664 se
1109 1596 1308 1685 discordias,
1328 1597 1452 1668 liberta-

433 1732 500 1786 tem
516 1715 657 1786 ademit:
679 1713 833 1802 Rhodiis,
851 1713 895 1784 ob
911 1715 1136 1808 paenitentiam
1155 1731 1303 1786 veterum
1323 1717 1452 1788 delicto-

432 1863 522 1924 rum,
540 1835 691 1906 reddidit.
707 1835 902 1920 iliensibus,
919 1837 1014 1930 quasi
1034 1859 1176 1905 romauaa
1192 1839 1299 1934 gentis
1318 1841 1455 1908 auctori·

432 1959 516 2046 bus,
549 1957 673 2026 tributa
706 1956 740 2023 io
774 1969 970 2050 perpetuum
1004 1957 1150 2043 remisit;
1181 1957 1317 2026 recitata
1352 1973 1455 2027 vetere

432 2076 570 2172 epistola
584 2099 692 2172 graeca
709 2087 841 2144 senatus
864 2073 1043 2170 populique
1066 2077 1210 2162 romani,
1231 2076 1372 2148 Seleuco
1392 2081 1457 2173 regi

434 2197 613 2267 amicitiam
631 2209 664 2264 et
684 2197 873 2264 societatem
890 2196 935 2264 ita
954 2193 1087 2266 demum
1106 2195 1309 2292 pollicentis,
1333 2201 1362 2268 si
1382 2225 1456 2268 oon-

434 2317 630 2410 sanguineos
643 2338 721 2384 suos
734 2312 867 2386 Ilienses
883 2314 925 2384 ab
940 2317 1031 2384 omni
1047 2341 1148 2386 onere
1161 2319 1322 2388 immunes
1338 2319 1457 2413 presti-

434 2438 534 2506 tisset.
549 2433 699 2522 ludaeos,
718 2431 899 2529 impulsore
906 2435 1047 2505 Chresto
1063 2436 1193 2506 assidue
1207 2435 1460 2520 tumultuantes,

435 2559 541 2626 Roma
553 2553 689 2649 expulit.
711 2556 953 2624 Germanorum
975 2554 1090 2650 legatis
1112 2557 1146 2626 in
1163 2558 1333 2626 orchestra
1354 2557 1461 2628 sedere

431 2676 599 2770 permisit,
618 2671 826 2768 simplicitate
843 2697 958 2743 eorum
980 2689 1013 2743 et
1033 2675 1149 2745 fiducia
1164 2691 1295 2764 motus,
1319 2677 1413 2771 quod
1432 2678 1462 2744 in

437 2791 611 2890 popularia
635 2793 785 2879 deducti,
812 2817 916 2886 quum
940 2793 1248 2866 animadvertissent
1271 2798 1416 2866 Parthos
1436 2813 1464 2863 rt

435 2915 608 2986 Armenios
640 2911 790 2982 sedentes
817 2914 850 2980 in
877 2927 1013 2996 senatu,
1042 2913 1085 2982 ad
1111 2913 1223 2983 eadem
1249 2914 1322 2985 loca
1352 2929 1466 3010 sponte
1537 2923 1538 2928 ’

435 3035 647 3120 transierant,
665 3025 771 3100 nihilo
784 3029 981 3100 deteriorem
994 3033 1152 3102 virtutem
1167 3050 1224 3103 aut
1235 3033 1465 3103 conditionem

435 3177 527 3223 suern
546 3152 771 3248 predicantes.
792 3151 996 3221 Druidarum
1015 3151 1209 3248 religionem
1228 3155 1318 3248 apud
1335 3153 1470 3240 Gallos,

436 3273 517 3342 dire
536 3271 769 3358 immanitatis,
789 3286 820 3340 et
836 3285 964 3341 tanturn
984 3272 1110 3342 civibus
1126 3274 1187 3342 sub
1198 3277 1353 3368 Augusto
1369 3277 1470 3343 iuter-

435 3391 579 3476 dictam,
595 3391 729 3485 penitus
742 3389 896 3460 abolevit.
919 3395 1044 3462 Contra
1065 3417 1158 3461 sacra
1176 3390 1353 3462 Eleusinia
1371 3395 1471 3462 etiam

436 3493 613 3581 transferre
633 3535 672 3580 ex
692 3513 800 3582 Attica
822 3515 962 3580 Romam
983 3527 1120 3581 conatus
1141 3528 1209 3599 est;
1235 3511 1474 3606 templumque

436 3633 470 3700 iu
496 3629 606 3700 Sicilia
626 3631 765 3700 Veneris
785 3631 950 3724 Erycinae,
971 3645 1133 3701 vetustate
1151 3629 1360 3725 collapsum,
1381 3647 1421 3700 ut
1439 3655 1477 3698 ex

435 3751 551 3819 amrin
567 3748 681 3845 populi
698 3752 826 3820 romam
842 3749 1043 3838 reficeretur,
1058 3763 1174 3820 auctor
1188 3749 1261 3820 luit.
1275 3753 1371 3820 Cum
1390 3751 1479 3844 regi·

436 3871 496 3939 bus
513 3869 619 3940 loedus
636 3872 670 3938 in
687 3873 773 3940 Foro
791 3871 861 3958 icit,
881 3895 981 3963 porca
1002 3895 1099 3957 cesa,
1111 3896 1149 3939 ac
1165 3883 1274 3939 vetere
1289 3871 1479 3940 Fecialiunr

437 3989 625 4080 praelatione
647 3989 803 4058 adhibita.
831 3989 895 4059 Sed
918 4003 949 4058 et
978 3991 1063 4077 haec,
1083 4004 1115 4058 et
1137 4003 1261 4078 cetera,
1290 4004 1479 4084 totumque

437 4107 518 4176 adeo
535 4133 571 4176 ea
594 4125 686 4202 parte
708 4133 825 4204 magna
846 4110 1082 4203 principatum,
1099 4135 1164 4178 uon
1184 4125 1249 4178 tam
1267 4135 1356 4194 suo,
1378 4134 1483 4204 qtram
