3098 5446
405 517 442 574 30
809 515 842 572 C.
863 511 1041 571 suttona

403 659 505 736 atque
522 641 557 711 in
573 641 683 735 prima
701 636 923 735 gratulatione
941 650 1131 733 porrectum
1150 635 1213 706 sibi
1233 660 1252 704 a
1271 634 1415 730 quodum
1433 663 1440 704 :

403 775 563 832 nocente
589 762 623 830 iu
644 761 840 830 Pretorium
862 759 977 847 rediit,
997 782 1098 852 quam
1116 756 1280 852 llagrante
1299 755 1441 826 triclinio

395 905 445 978 ex
472 895 637 978 conceptu
664 881 785 952 camini
807 904 936 975 :quum
962 877 1111 973 quidem,
1143 877 1385 964 consternatis,
1415 893 1446 946 et

404 1004 499 1097 qussi
516 1002 628 1072 omine
653 1001 793 1071 adverso
811 1001 916 1071 anxiis
932 999 1105 1086 omnihus,
1121 1027 1138 1064 α
1153 1001 1295 1086 Bono,a
1316 999 1445 1093 inquit,

404 1125 546 1192 «animo
563 1137 683 1212 estote,
706 1123 802 1192 nohis
816 1120 947 1209 alluxit3
961 1151 979 1186 n
999 1117 1092 1189 nullo
1107 1143 1260 1189 sermone
1273 1117 1341 1188 alio
1360 1119 1446 1213 apud

405 1241 527 1313 milites
543 1268 633 1314 usus.
653 1243 890 1314 Consenticnte
909 1241 1029 1311 deinde
1046 1241 1147 1310 etiam
1165 1240 1347 1335 superioris
1368 1219 1445 1334 pro-

405 1365 522 1434 vinciae
540 1365 707 1453 exercitu,
724 1365 782 1458 qui
801 1364 893 1457 prius
912 1387 931 1432 a
950 1360 1060 1432 Galba
1083 1359 1126 1430 ad
1147 1375 1299 1430 senatum
1319 1358 1447 1430 defece-

404 1499 473 1573 rat,
501 1509 687 1580 cognomen
712 1483 922 1569 Germanici,
947 1481 1093 1552 delutum
1119 1482 1163 1552 ab
1191 1481 1371 1570 universis,
1390 1506 1447 1550 cu·

405 1605 483 1700 pide
507 1606 633 1700 recepit
653 1629 661 1674 :
683 1585 838 1699 Angusti
854 1601 982 1674 distulit
1000 1629 1008 1672 ε
1027 1603 1178 1674 Coesurt's
1195 1603 1229 1672 in
1249 1615 1448 1697 perpetuum

357 1799 361 1810 ,
405 1727 583 1796 recusavit.

453 1849 515 1916 lx.
540 1849 590 1918 Ac
607 1843 749 1916 subinde
774 1845 862 1915 cede
883 1843 1001 1916 Gnlhae
1016 1846 1234 1934 annunciate,
1258 1845 1447 1942 compositis

408 1967 607 2062 germanicis
628 1966 744 2056 rebus,
777 1967 920 2062 partitus
952 1981 1003 2036 cst
1026 1968 1158 2062 copias,
1182 1989 1266 2060 quos
1294 1965 1448 2036 adversus

406 2087 578 2156 Othonem
600 2087 833 2182 premineret,
860 2109 1009 2181 quasque
1035 2087 1105 2181 ipse
1131 2085 1336 2182 perduceret.
1362 2089 1447 2156 Pre-

406 2208 507 2276 misso
539 2207 688 2301 agmine,
720 2204 832 2276 laetum
868 2207 980 2276 evenit
998 2207 1205 2301 euspicium
1232 2205 1398 2300 siquidem
1430 2230 1448 2273 n

408 2341 504 2421 parte
527 2325 644 2396 dextra
665 2340 801 2422 repente
820 2325 932 2421 aquila
957 2323 1141 2414 advolavit,
1167 2325 1381 2420 lustratisque
1404 2327 1448 2394 si·

405 2448 500 2544 gnis,
519 2448 688 2544 ingressus
706 2447 795 2516 riam
816 2447 937 2516 sensim
960 2447 1146 2517 antecessit.
1170 2449 1217 2518 At
1232 2459 1365 2535 eontra,
1378 2447 1450 2542 ipso

406 2583 583 2658 movente,
605 2583 722 2640 stature
740 2583 928 2664 equestres,
946 2593 1051 2665 quum
1070 2567 1278 2664 plurifariam
1293 2570 1324 2639 ei
1346 2593 1448 2665 pone-

287 2729 289 2732 ·
406 2705 535 2781 rentur,
556 2690 670 2760 fractis
692 2705 830 2786 repente
848 2689 1003 2762 cruribus
1022 2691 1146 2785 pariter
1164 2705 1391 2760 corruerunt:
1414 2705 1449 2760 ct

406 2809 535 2898 laurea,
551 2836 653 2906 quam
667 2809 913 2906 religiosissime
927 2809 1212 2897 circumdederat,
1228 2813 1263 2880 in
1280 2811 1453 2907 profluen-

405 2947 472 3001 tem
499 2931 631 3002 excidit.
654 2933 737 3001 Mox
763 2931 904 3001 Viennae
924 2957 987 3028 pro
1011 2930 1169 3000 tribunali
1193 2933 1271 3026 jura
1297 2931 1454 3002 reddenti

405 3049 607 3148 gallinaceus
624 3077 725 3148 supra
741 3052 938 3140 humerum,
951 3077 990 3123 ac
1001 3052 1121 3124 deinde
1132 3055 1167 3122 in
1181 3055 1290 3149 capite
1309 3053 1455 3125 adstitit.

407 3169 540 3263 Quibus
553 3173 691 3241 ostentis
706 3196 769 3267 par
781 3172 953 3268 respondit
966 3174 1073 3242 exitus
1091 3198 1100 3242 ε
1118 3197 1196 3242 nom
1214 3173 1461 3244 confirmatum

405 3315 467 3386 per
482 3289 609 3386 legatos
626 3315 704 3362 suos
723 3292 918 3388 imperium,
940 3317 1051 3387 perse
1075 3295 1220 3363 retinere
1235 3295 1305 3364 non
1327 3297 1462 3390 potuit.

454 3415 498 3482 X.
522 3415 575 3482 De
594 3412 794 3483 hetrioccnsi
817 3413 956 3482 victoria
981 3427 1015 3482 et
1038 3414 1184 3486 Othonis
1205 3415 1464 3509 exitu,'quum

406 3533 516 3606 adhuc
530 3535 565 3604 in
578 3531 691 3607 Gallia
705 3550 806 3624 esset,
829 3535 935 3606 audiit
952 3561 959 3603 ε
976 3534 1126 3632 nihilque
1140 3551 1334 3626 cunctatus,
1352 3541 1466 3633 quic-

406 3655 486 3750 quid
504 3656 779 3752 pretorianorum
809 3657 1000 3726 cohortium
1018 3655 1097 3743 fuit,
1119 3671 1157 3726 ut
1175 3659 1310 3753 pessimi
1337 3683 1471 3730 exem·

405 3774 470 3873 pli,
500 3801 569 3846 uno
595 3778 822 3848 exauctoravit
849 3776 975 3866 edicto,
1005 3777 1114 3872 jussas
1142 3778 1286 3848 tribunis
1316 3779 1475 3854 tradere

405 3921 508 3966 arma.
537 3899 683 3968 Centuin
710 3911 820 3967 nutem
854 3912 954 3992 atque
981 3897 1119 3994 viginti,
1144 3921 1288 3993 quorum
1315 3897 1476 3973 libellos

407 4017 536 4088 Othoni
553 4018 648 4090 datos
666 4020 856 4105 invenerat,
877 4021 1125 4112 exposcentium
1145 4019 1281 4116 premia
1305 4021 1356 4090 ob
1390 4025 1477 4095 edi·

409 4139 528 4208 tamin
548 4137 637 4209 cede
656 4137 772 4210 Galhae
793 4163 952 4232 operam,
977 4141 1148 4234 conquiri,
1165 4154 1197 4209 et
1213 4137 1401 4237 supplicio
1421 4147 1479 4218 af-
