3114 5446
517 523 716 580 cLatJmUs.
1076 527 1131 583 213

106 681 213 725 verum
232 655 326 724 latini
341 652 499 721 sermonis
512 651 679 742 ignarum,
700 671 765 716 non
779 647 878 716 modo
890 647 966 716 albo
980 651 1128 743 judicum
1170 673 1175 686 ·

105 778 215 863 erasit,
238 769 295 844 sed
314 775 412 840 ctiam
431 771 463 838 in
484 769 751 864 peregrinitatem
773 766 907 864 redegit.
927 771 998 838 Nec
1013 795 1130 863 quem·

104 921 213 990 quarn,
233 895 296 962 nisi
311 917 371 962 sua
385 915 488 968 soce,
509 903 676 982 uteunque
695 891 769 980 quis
789 903 914 982 posset,
930 914 969 960 ac
983 892 1054 960 sine
1072 917 1130 986 pa-

105 1033 211 1103 trono,
240 1017 401 1085 rationem
432 1013 504 1080 vitae
532 1035 645 1106 passus
674 1023 722 1080 est
753 1009 900 1080 reddere.
929 1013 1132 1108 Notavitque

105 1136 239 1224 multos,
259 1150 295 1204 et
315 1133 474 1226 quosdam
501 1131 730 1224 inopinantes,
750 1145 783 1198 et
802 1155 957 1201 excausa
976 1137 1054 1202 novi
1075 1160 1131 1228 ge·

104 1260 201 1342 aeris,
225 1253 317 1348 quod
333 1277 368 1322 se
386 1253 488 1322 inscio
509 1275 548 1320 ac
565 1251 635 1318 aine
656 1265 842 1318 commeatu
863 1249 957 1320 ltalia
976 1256 1131 1322 excessis·

104 1391 190 1462 sent;
207 1372 387 1468 quemdam
409 1395 485 1440 vero
504 1385 538 1440 et
555 1368 646 1463 quod
671 1393 782 1438 comes
801 1372 887 1464 regis
908 1373 941 1439 in
962 1373 1131 1464 provincia

103 1497 229 1580 luisset,
257 1492 415 1578 reserens,
432 1490 595 1582 majorum
618 1489 840 1581 temporibus,
862 1490 998 1558 Rabirio
1011 1494 1132 1560 Postu·

103 1641 166 1700 mo,
189 1612 402 1684 Ptolemaeum
423 1608 672 1692 Alexandriam,
698 1607 814 1676 crediti
842 1609 991 1677 servandi
1019 1635 1134 1698 causa,

103 1747 227 1820 secuto,
251 1731 429 1822 majestatis
446 1729 570 1797 crimen
593 1727 683 1820 apud
703 1726 831 1819 judices
858 1743 996 1797 motum.
1019 1729 1134 1799 Plures

104 1868 215 1922 notare
240 1863 397 1934 conatus,
426 1871 544 1941 magna
570 1846 802 1938 inquisitorum
829 1843 1049 1942 negligentia,
1077 1850 1133 1918 sed

103 1999 158 2042 suo
192 1970 322 2064 majore
351 1966 529 2053 dedecore,
556 1965 707 2033 innoxios
734 1965 801 2033 lere
825 1965 967 2059 reperit,
992 1969 1133 2061 quibus·

103 2115 233 2184 cunque
253 2086 456 2168 coelibatum,
483 2099 541 2153 aut
557 2084 750 2170 orbitatem,
770 2099 828 2154 aut
848 2101 1026 2180 egestatem
1047 2089 1133 2180 obji-

102 2225 202 2298 ceret,
229 2208 385 2290 maritos,
406 2219 533 2299 patres,
560 2202 737 2298 opulentos
765 2229 799 2273 se
826 2205 1064 2297 probantibus3
1096 2233 1135 2276 eo

103 2329 252 2422 quidem,
280 2327 337 2419 qui
366 2325 497 2393 sibimet
522 2326 588 2412 yim
616 2323 704 2392 ferro
730 2323 880 2393 intulisse
909 2329 1134 2419 arguebatur,

103 2448 238 2528 illaesum
264 2469 385 2540 eorpus
410 2458 499 2512 veste
528 2443 677 2536 deposita
709 2459 905 2512 ostentante.
932 2450 1079 2514 Fuerunt
1103 2465 1136 2516 et

103 2567 150 2636 illa
170 2569 206 2635 in
220 2589 360 2652 censura
372 2564 443 2656 ejus
462 2559 635 2648 notabilia,
652 2561 742 2654 quod
756 2563 907 2630 essedum
922 2581 1133 2658 argenteum,

102 2702 271 2756 sumtuose
295 2683 508 2768 fabricatum,
536 2705 575 2750 ao
600 2679 716 2749 venale
743 2682 784 2749 ad
814 2681 993 2775 Sigillaria,
1018 2685 1134 2752 redimi

101 2805 297 2898 concidique
312 2827 442 2888 coram,
461 2802 656 2894 imperavit:
681 2799 836 2894 quodque
855 2823 922 2868 uno
939 2801 993 2869 die
1015 2803 1133 2895 viginti

102 2925 206 2994 edicta
224 2921 422 3018 proposuit:
446 2920 533 2988 inter
548 2944 621 3013 quae
639 2918 722 3005 duo,
740 2944 881 3012 quorum
898 2919 1002 2988 altero
1019 2921 1134 2989 admo-

103 3046 216 3131 nebat,
235 3071 252 3106 α
263 3057 301 3110 ut
315 3041 407 3110 uberi
425 3040 595 3106 vinearum
607 3053 768 3132 proventu
779 3038 864 3107 bene
880 3038 966 3107 dolia
986 3043 1135 3132 picaren·

103 3179 171 3247 tur;
187 3195 205 3228 a
228 3160 353 3244 altero,
378 3157 490 3226 «nibil
511 3181 603 3249 aeque
627 3156 734 3225 lacere
756 3156 796 3236 ad
824 3159 942 3250 viperae
972 3183 1136 3247 morsum,

101 3307 199 3374 quam
220 3281 289 3350 taxi
306 3278 434 3346 arboris
452 3301 598 3346 succum.
613 3307 628 3339 »ι

146 3403 255 3470 XVII.
274 3396 524 3490 Expeditionem
543 3421 643 3464 unam
663 3398 799 3466 omnino
817 3399 981 3492 suscepit,
1000 3421 1137 3490 eamque

103 3520 280 3589 modicam.
312 3515 443 3604 Quum,
479 3516 621 3584 decretis
653 3515 714 3584 sibi
743 3539 762 3584 a
794 3531 907 3585 senatu
935 3519 1137 3585 ornamentis

103 3635 377 3732 triumphalibus,
408 3633 563 3704 leviorem
600 3637 763 3730 majestati
796 3635 970 3730 principali
1004 3634 1135 3704 titulum

102 3758 340 3841 arbitraretur,
364 3751 544 3847 velletque,
563 3755 643 3847 justi
666 3756 826 3848 triumphi
852 3754 950 3824 decus
973 3754 1060 3823 unde
1080 3779 1136 3822 ac-

102 3877 266 3970 quireret,
284 3873 499 3942 Bn'taunt'am
512 3873 843 3968 potissimumelegit,
861 3899 967 3966 neque
978 3888 1137 3942 tentatam

104 3993 163 4062 ulli
183 4007 256 4086 post
276 3990 390 4059 divum
407 3991 551 4079 lulium,
577 4007 609 4060 et
630 4007 708 4060 tunc
732 3991 987 4062 tumultuantem
1009 3993 1050 4060 ob
1072 4017 1137 4060 non

104 4109 250 4178 redditos
267 4111 462 4204 transfugas.
483 4115 555 4182 lluc
569 4137 673 4204 quum
694 4112 736 4180 ab
752 4113 845 4182 Ostia
863 4113 1055 4206 navigaret,
1082 4137 1137 4178 ve-
