3114 5446
417 569 474 625 230
821 565 851 618 Q
868 561 1043 620 sumtotttt

418 692 583 786 coepitque
596 715 615 758 a
629 713 707 782 pace
721 685 826 773 civili3
843 710 945 780 quum
962 686 1114 770 sentiret,
1132 709 1241 779 neque
1256 685 1376 772 libere,
1391 713 1439 756 ne

418 835 483 906 que
502 833 596 895 vere,
622 807 684 876 sibi
702 805 743 874 dc
762 805 985 901 superioribus
1004 801 1156 874 tradendi
1173 819 1368 898 potestatem
1387 831 1437 874 re·

417 927 544 1014 lictam,
571 939 742 1020 correptus
766 949 851 1018 saepe
871 937 905 993 ct
928 951 947 994 a
972 937 1075 992 matre
1097 937 1130 992 ct
1148 923 1189 992 ab
1211 925 1295 994 avia.
1319 926 1441 994 Prioris

417 1048 561 1117 materiae
572 1045 639 1113 duo
655 1041 836 1126 volumina,
855 1043 1045 1137 posterioris
1060 1067 1164 1112 unum
1179 1058 1212 1112 et
1225 1041 1442 1136 quadraginta

417 1163 561 1258 reliquit.
582 1164 775 1258 Composuit
801 1177 835 1231 et
860 1162 931 1231 ude
950 1163 1029 1230 Vita
1052 1186 1135 1231 suas
1161 1175 1236 1230 octo
1259 1160 1443 1246 volumina,

417 1283 523 1375 magis
545 1283 669 1376 inepte,
693 1305 791 1374 quarn
816 1279 1039 1375 inelegantem
1064 1281 1140 1350 item
1163 1281 1358 1351 «Ciceronis
1382 1279 1442 1349 de-

418 1401 597 1470 fensionem
613 1399 767 1468 adversus
782 1400 886 1468 Asinii
902 1397 989 1468 Galli
1007 1395 1126 1482 libros,
1136 1427 1153 1462 s
1174 1399 1250 1467 satis
1269 1398 1443 1467 eruditam.

418 1521 529 1589 Novas
546 1520 644 1588 etiam
660 1533 865 1588 commentus
882 1531 931 1586 est
946 1516 1070 1586 litteras
1087 1531 1167 1601 tres,
1184 1541 1222 1586 ac
1240 1541 1379 1586 numero
1395 1543 1447 1585 ve

418 1651 541 1720 terum,
559 1639 652 1729 quasi
671 1639 812 1705 maxime
829 1637 1040 1722 necessarias,
1061 1634 1187 1704 addidit
1203 1662 1212 1703 :
1240 1635 1282 1703 de
1303 1659 1446 1728 quarum

419 1757 546 1826 ratione
566 1779 667 1848 quum
695 1756 843 1848 privatus
871 1753 980 1823 adhuc
1001 1751 1157 1822 volumen
1174 1753 1346 1840 edidisset,
1367 1777 1446 1821 mox

419 1876 571 1966 princeps
586 1899 654 1943 non
668 1872 843 1942 difficulter
858 1873 1017 1958 obtinuit,
1037 1874 1123 1942 utin
1140 1897 1201 1941 usu
1219 1895 1351 1965 quoquc
1368 1897 1448 1966 pro·

419 1993 545 2060 miscuo
565 2007 671 2059 essem
702 1997 816 2061 Exstat
835 1990 907 2059 talis
924 1993 1085 2084 scriptura
1104 1993 1137 2058 in
1157 1989 1318 2084 plerisque
1336 1990 1448 2078 libris,

421 2109 501 2178 actis
520 2108 662 2189 diurnis,
684 2107 853 2201 titulisque
868 2133 1016 2202 operum.

468 2229 573 2296 XLII.
605 2229 674 2296 Nec
699 2229 827 2296 minore
858 2251 936 2296 cura
961 2252 1065 2321 graeca
1095 2227 1203 2296 studia
1227 2243 1358 2296 secutus
1381 2245 1450 2312 est,

422 2369 566 2414 amorem
594 2346 880 2438 praestantiamque
909 2344 1029 2439 linguae
1058 2346 1228 2414 occasione
1255 2349 1344 2415 omni
1374 2371 1453 2441 pro-

423 2463 534 2532 tessus.
572 2464 712 2534 Cuidam
742 2465 899 2552 barbam,
936 2489 1040 2560 graece
1070 2479 1103 2534 et
1132 2465 1232 2534 latine
1259 2463 1452 2550 disserenti,

422 2583 556 2670 «Quum
571 2595 727 2674 utroque,
739 2612 756 2646 »
772 2585 895 2675 inquit,
913 2608 1086 2652 «samone
1095 2599 1208 2653 nostro
1218 2585 1262 2652 sis
1277 2599 1425 2678 parattts.
1435 2615 1452 2649 s

419 2702 463 2769 Et
479 2701 512 2767 in
533 2699 792 2769 commendanda
814 2702 963 2794 patribus
980 2704 1173 2796 conscriptis
1190 2702 1327 2790 Achaia,
1346 2731 1365 2768 u
1379 2727 1454 2798 gra·

422 2831 488 2884 tam
519 2817 579 2886 sibi
608 2820 860 2911 provinciam»
891 2821 954 2905 ait,
983 2821 1233 2890 «communium
1263 2821 1451 2890 studiorum

420 2937 711 3006 commentante
728 2962 812 3031 saepe
828 2939 861 3006 in
873 2953 987 3008 senatu
1000 2937 1112 3032 legatis
1126 2955 1283 3034 perpetua
1299 2939 1454 3008 oratione

422 3051 603 3143 respondit.
626 3053 770 3124 Multum
792 3081 870 3125 vero
892 3083 954 3151 pru
975 3057 1131 3127 tribunali
1149 3039 1247 3127 etiarn
1265 3059 1456 3128 Homericis

423 3167 552 3238 locutus
567 3186 617 3239 est
631 3174 786 3242 versibus.
806 3177 947 3264 Quoties
961 3175 1094 3268 quidem
1112 3177 1238 3246 hostem
1251 3175 1299 3246 vel
1318 3175 1460 3246 insidia-

422 3299 528 3355 torem
550 3287 638 3356 ultus
657 3305 759 3377 esset,
780 3293 962 3362 excubitori
983 3293 1134 3381 tribuno,
1153 3299 1282 3390 signum
1300 3295 1343 3364 de
1360 3320 1461 3365 more

422 3409 584 3498 poscenti,
604 3433 671 3476 non
691 3424 811 3480 temere
826 3410 915 3482 aliud
930 3411 1035 3501 dedit,
1052 3438 1151 3507 quam

521 3593 595 3672 dsdp'
610 3606 793 3676 lucubrantes,
810 3611 849 3661 ὅτι
865 3629 900 3669 τις
914 3612 1026 3680 πρότιρος
1039 3611 1172 3679 xcuratus.

422 3763 573 3856 Denique
601 3780 633 3832 et
663 3791 783 3860 gracas
811 3771 939 3863 scripsit
966 3771 1137 3855 historias,
1167 3771 1365 3865 Τυρῤηνικῶν
1390 3801 1470 3863 xx,

424 3881 691 3970 Καρχηὲονιακῶν
712 3911 785 3955 vrrs.
811 3891 960 3976 Quarum
987 3913 1084 3960 causa
1113 3893 1214 3961 veteri
1242 3891 1472 3964 Alexandriae

423 4021 536 4068 museo
555 4001 695 4072 alterum
715 4005 865 4074 additum
882 4031 920 4076 ex
943 4010 1044 4101 ipsius
1069 4012 1219 4099 nomine;
1240 4011 1473 4082 institutum·

425 4139 503 4205 quc,
532 4133 566 4186 ut
590 4123 765 4212 quotannis
790 4125 824 4191 in
842 4123 944 4195 altero
963 4127 1155 4221 Τυῤῥηνικόν
1175 4129 1265 4217 libri,
1290 4132 1323 4198 in
1345 4129 1478 4204 altero
