3108 5434
416 497 469 536 rrc
810 483 839 536 C.
860 481 1030 538 sumunt!

413 601 473 666 bus
496 599 580 668 torte
602 601 751 668 narrabat
774 625 783 668 ι
803 627 958 694 puerum,
979 603 1062 670 l'acie
1082 598 1225 686 liberali,
1249 598 1421 666 demissum

413 715 494 784 coelo
512 731 628 785 catena
643 741 759 802 aurea,
780 717 922 787 adfores
942 717 1093 812 Capitolii
1109 717 1308 802 constitisse,
1330 717 1424 808 cique

414 834 527 900 Iovem
553 832 716 928 flagellum
744 833 934 920 tradidisse3
961 835 1097 922 deinde,
1122 848 1254 928 repente
1278 836 1426 926 Augusto

414 952 502 1035 viso,
524 975 622 1042 quern
642 952 789 1044 ignoutm
810 951 917 1020 adhuc
931 951 1094 1045 plerisque
1117 947 1295 1020 avunculus
1316 952 1425 1018 Caesar

415 1066 457 1134 ad
470 1067 719 1136 sacrificandum
733 1071 912 1156 acciverat,
926 1069 1100 1138 affirmavit
1115 1070 1220 1162 ipsum
1235 1091 1316 1154 esse,
1331 1067 1423 1157 cujus

416 1185 523 1278 imago
546 1184 727 1253 secundum
752 1187 893 1278 quietem
917 1187 979 1254 sibi
1004 1186 1174 1256 obversata
1197 1185 1249 1254 sit.
1277 1185 1425 1252 Sumenti

415 1299 541 1369 virilem
555 1315 666 1396 togam
679 1303 792 1370 tunica
805 1300 863 1372 lati
876 1301 975 1388 clari,
988 1317 1097 1372 resuta
1110 1327 1150 1371 ex
1164 1315 1304 1393 utraque
1317 1313 1424 1394 parte,

415 1417 457 1486 ad
482 1417 580 1511 pedes
604 1417 734 1488 decidit
758 1422 927 1508 Fuerunt,
949 1423 1007 1512 qui
1033 1420 1338 1512 interpretarentur,
1361 1441 1427 1485 non

416 1535 506 1604 aliud
518 1535 715 1629 significare,
729 1561 829 1628 quam
842 1552 879 1606 ut
891 1540 919 1606 is
930 1537 1026 1624 ordo,
1038 1537 1131 1628 cujus
1143 1537 1268 1630 insigne
1282 1534 1315 1602 id
1329 1548 1427 1618 esset,

417 1654 613 1745 quandoque
636 1655 666 1721 ei
692 1653 917 1746 subjiceretur.
945 1652 1042 1747 Apud
1069 1653 1229 1722 Mundam
1253 1653 1294 1720 D.
1322 1648 1428 1720 Julius

417 1772 529 1840 metris
549 1769 658 1840 locum
677 1773 825 1864 capiens,
844 1796 946 1863 quum
966 1768 1080 1838 silvam
1103 1769 1255 1851 cederet,
1277 1768 1425 1836 arborem

420 1887 533 1981 pnhnec
550 1904 713 1984 repertam
729 1891 933 1974 conservari,
953 1903 991 1956 ut
1009 1913 1106 1957 omen
1126 1888 1286 1971 victorie,
1305 1887 1400 1979 jussit
1419 1911 1427 1953 ε

418 2029 458 2072 cx
482 2029 521 2072 ea
547 2007 704 2106 continuo
730 2021 825 2074 enata
849 2004 975 2074 sobolce
1001 2005 1082 2073 adeo
1108 2006 1143 2072 in
1171 2006 1283 2098 paucis
1310 2003 1427 2071 diebus

361 2167 363 2171 ,
418 2121 574 2206 adolevit,
588 2138 627 2192 ut
642 2148 709 2192 non
725 2126 938 2217 aeqrtipnraret
952 2122 1051 2192 modo
1065 2123 1248 2208 matricem,
1263 2145 1375 2190 verum
1392 2135 1427 2189 et

419 2241 599 2334 obtegeret,
617 2241 941 2334 hequcntareturque
957 2238 1181 2310 columbarum
1197 2240 1296 2324 nidis,
1313 2263 1431 2332 quarn·

420 2359 469 2427 vis
486 2359 520 2426 id
535 2361 643 2427 avium
661 2383 762 2453 genus
782 2359 898 2428 duram
915 2373 948 2428 et
963 2382 1109 2453 asperam
1127 2357 1274 2428 hondem
1290 2361 1433 2428 maxime

421 2477 510 2544 vitet
528 2475 590 2544 lllo
606 2489 638 2546 et
656 2481 816 2572 precipue
833 2491 961 2546 ostento
977 2491 1104 2546 motum
1125 2482 1281 2548 Caesarem
1301 2478 1433 2556 ferunt,

421 2617 573 2686 nequem
590 2594 689 2663 alium
711 2597 772 2664 sibi
793 2593 980 2680 succedere,
1000 2619 1100 2687 quarn
1119 2597 1237 2663 sororis
1258 2609 1432 2689 nepotem,

421 2710 526 2780 vellet
541 2715 581 2780 ln
597 2737 724 2781 secessu
739 2710 920 2807 Apolloniae
933 2713 1115 2806 Theogenis
1127 2713 1343 2781 mathematici
1358 2737 1437 2806 per-

421 2827 549 2922 gulam,
571 2833 689 2898 comite
710 2832 874 2924 Agrippa,
895 2829 1081 2900 ascenderat
1105 2857 1113 2897 :
1135 2855 1236 2922 quum
1261 2831 1440 2924 Agrippa,

291 3029 295 3038 ¹
423 2946 480 3035 qui
500 2947 591 3037 prior
611 2945 813 3030 consulebat,
830 2971 948 3042 magna
968 2961 1001 3014 et
1021 2971 1111 3042 pene
1132 2946 1332 3015 incredibilia
1353 2971 1440 3040 prte-

423 3059 624 3148 dicerentur,
653 3063 787 3130 reticere
816 3065 884 3156 ipse
912 3065 1095 3156 genituram
1124 3088 1235 3150 suam,
1262 3088 1323 3132 nec
1353 3063 1443 3133 velle

422 3176 518 3247 edere
536 3180 780 3270 perseverabat,
798 3195 887 3248 metu
907 3205 945 3249 ac
965 3180 1108 3274 pudore,
1125 3205 1167 3249 ne
1184 3182 1291 3248 minor
1310 3183 1443 3252 inveni-

424 3307 522 3360 retur.
538 3295 612 3380 Qua
627 3307 734 3362 tamen
748 3312 822 3388 post
834 3297 952 3366 multas
964 3297 1206 3366 adhortationes
1220 3300 1273 3365 vix
1287 3313 1320 3366 et
1334 3324 1443 3368 cunc·

387 3421 393 3430 '
425 3423 531 3478 tenter
546 3409 648 3497 edita,
663 3410 793 3480 exsiluit
807 3413 1009 3507 Theogenes,
1027 3415 1237 3506 adoravitque
1251 3437 1335 3482 eum.
1353 3419 1446 3485 Tan-

424 3542 490 3595 tam
505 3551 579 3596 mox
596 3525 747 3596 fiduciam
762 3529 820 3598 fati
836 3535 1003 3624 Augustus
1019 3531 1147 3619 habuit,
1162 3546 1200 3600 ut
1214 3533 1322 3602 thema
1339 3557 1448 3602 sunm

424 3643 619 3738 vulgaverit,
639 3669 874 3739 nummumque
891 3661 1080 3742 argenteum
1098 3663 1176 3717 nota
1193 3648 1307 3718 sideris
1321 3651 1448 3744 Capri·

425 3762 530 3844 corni,
544 3781 610 3852 quo
626 3775 796 3849 natusest,
812 3767 1017 3858 percusserit.

410 3941 411 3944 ,
471 3880 572 3946 XCV.
598 3881 677 3946 Post
697 3904 811 3948 necem
831 3885 983 3968 Caesaris,
1001 3907 1133 3952 reverso
1152 3884 1194 3952 ab
1213 3883 1391 3977 Apollonia
1414 3904 1449 3955 et

427 3994 628 4086 ingrediente
643 4021 683 4064 ec
699 3999 841 4084 Urbem,
858 4014 991 4091 repente
1006 3999 1130 4091 liquido
1147 4025 1184 4069 nc
1202 4026 1286 4095 puro
1303 4027 1452 4092 sereno,
