3164 5442
425 576 481 612 212
588 577 592 582 ·
891 557 1006 614 NOTAE

463 673 560 728 Discit
574 674 645 728 Rem
661 672 700 727 ita
718 683 814 728 narrat
830 672 891 728 Liv.
900 713 909 742 ,
923 675 1016 746 Epo,
1032 693 1091 728 xix.

464 764 586 820 Plebee'o.
597 763 663 820 Scil.
679 765 709 820 P.
725 763 855 822 Fonteio.

464 859 578 913 Mt'nori.
594 857 653 914 Cic.
665 877 721 932 pro
733 859 827 912 Domo
833 899 843 926 ,
859 876 910 912 ιιι
926 879 933 911 :
949 859 1075 914 «Factus
1089 877 1119 916 es
1132 861 1195 934 ejus
1208 857 1285 916 lilius
1297 870 1402 918 eontra
1416 861 1473 934 tn,

421 949 504 1022 cujus
523 968 576 1024 per
595 961 704 1004 aetatem
719 960 803 1023 poter
815 969 875 1006 esse
885 949 1015 1024 potuisti.
1027 974 1043 1001 s

463 1043 600 1098 Fratrem.
618 1041 676 1096 Cic.
697 1062 754 1116 pm
775 1041 878 1108 Coeleo,
898 1062 958 1112 xiv,
972 1051 1002 1097 et
1024 1044 1087 1098 Val.
1104 1045 1238 1113 Μυκη,
1258 1051 1292 1114 4,
1307 1043 1344 1114 6,
1358 1057 1472 1118 pamm

421 1135 530 1190 dicunt.
551 1135 664 1190 Erravit
685 1154 755 1210 ergo
776 1137 890 1198 Noster.
913 1137 958 1192 vel
982 1137 1053 1192 alios
1073 1147 1204 1192 auctores
1221 1147 1334 1192 secutus
1354 1147 1415 1207 est,
1431 1139 1473 1193 rel

420 1227 449 1284 b.
465 1229 483 1284 1.
499 1229 608 1286 librarii
629 1231 714 1303 culpa
735 1231 846 1300 subest,
869 1239 902 1284 ut
920 1229 1078 1286 arbitratur
1097 1229 1229 1312 Pighius,
1246 1231 1352 1285 Annal.
1364 1268 1383 1298 „
1395 1240 1418 1286 t.
1434 1249 1472 1298 ιι,

419 1341 448 1396 P·
468 1322 533 1394 ⁴73·

461 1417 527 1472 Cae.
544 1417 597 1471 111.
614 1419 682 1473 Am.
697 1414 762 1470 Scil.
778 1415 811 1469 L.
826 1415 889 1472 Liv.
910 1417 1007 1471 Druso
1022 1413 1191 1470 Claudiano.

458 1511 610 1566 ὃαΙίιιαιον.
624 1509 710 1567 Unde
724 1527 885 1584 cognomen
904 1507 976 1564 illud
989 1506 1100 1564 venerit
1114 1506 1200 1563 docet
1216 1507 1294 1580 Liv„
1314 1528 1408 1583 xxxx,
1426 1509 1470 1578 37.

419 1601 568 1677 avectignl
590 1601 673 1658 etiam
688 1619 796 1656 novum
811 1619 847 1656 ex
861 1599 961 1656 salaria
976 1619 1090 1656 annona
1104 1607 1293 1657 statuerunt...
1310 1601 1380 1660 lnde
1394 1602 1470 1659 Sali-

417 1695 511 1750 natori
526 1694 609 1751 Livio
622 1693 746 1750 inditum
761 1711 930 1768 cognomen.
984 1699 989 1708 '

461 1788 708 1844 Condemnassent.
724 1789 844 1844 Causam
864 1785 949 1842 docet
967 1786 1117 1858 Frontin,
1136 1805 1178 1855 ιν,
1197 1805 1231 1856 ι,
1248 1795 1308 1858 47:
1328 1789 1394 1842 «bl.
1418 1789 1469 1843 Sa-

417 1880 524 1936 linator
546 1881 705 1936 consularis
723 1880 876 1936 damnatus
891 1889 932 1934 est
958 1897 974 1934 a
997 1880 1126 1953 populo,
1149 1877 1232 1953 quod
1255 1879 1383 1954 predam
1411 1897 1470 1936 non

416 1973 564 2046 aequaliter
579 1972 712 2028 diviserat
724 1971 871 2027 militibus.
883 1993 895 2022 ν

456 2065 646 2140 Proproetore.
663 2065 755 2120 lntell.
767 2084 774 2117 τ
784 2083 870 2138 quum
878 2074 1047 2136 pmproetor
1057 2073 1149 2128 esset,
1165 2081 1230 2136 quae
1243 2062 1337 2120 forma
1351 2063 1470 2119 ablativi

415 2175 471 2231 pro
494 2157 673 2212 nominativo
696 2157 863 2231 frequenter
884 2166 926 2212 est
946 2157 1049 2212 usitata
1069 2155 1149 2230 apud
1173 2157 1319 2216 Nostrum.
1342 2155 1386 2212 cf.
1413 2157 1469 2211 ll'e·

415 2267 491 2316 mn.,
509 2268 553 2306 ιιι.

456 2341 619 2417 Abnepos...
641 2343 763 2417 reliquit.
787 2345 828 2397 Μ.
849 2341 948 2398 Livius
968 2343 1096 2412 Drusus,
1115 2342 1149 2398 Τ.
1169 2341 1291 2398 Gracchi
1315 2340 1346 2396 in
1370 2340 1466 2396 tribu-

415 2445 485 2492 natu
499 2437 625 2510 collega,
648 2435 685 2492 de
709 2454 770 2509 quo
787 2437 945 2508 Plutarch,
958 2435 988 2490 in
1004 2434 1148 2502 Gemoll,
1163 2453 1193 2508 p.
1213 2433 1271 2490 838
1288 2453 1296 2490 ε
1315 2423 1352 2494 lis
1367 2442 1418 2513 γὰρ
1441 2435 1469 2503 οἷς

414 2535 456 2590 nol
482 2543 525 2590 τοῦ
547 2536 621 2590 Γαΐου
639 2539 807 2608 συναρχόντων
823 2533 906 2598 Alisca
921 2543 1034 2606 Δροῦσος,
1054 2535 1112 2606 ἀνὴρ
1133 2537 1188 2590 οὔτι
1208 2535 1312 2606 γιγονῶς
1334 2555 1402 2596 τινος
1419 2525 1466 2587 lo·

416 2631 509 2700 μαίιιν,
531 2632 586 2684 οὔτι
602 2632 769 2702 τιθρσριμίνος
784 2632 871 2701 χεῖρον·
885 2625 935 2689 ἤδη
959 2625 990 2682 «ll
1004 2628 1048 2683 καὶ
1060 2627 1192 2699 λόγῳ,καί
1204 2630 1304 2699 ulcisci
1319 2630 1343 2680 Ιν
1362 2630 1416 2690 τοῖς
1423 2631 1467 2700 μ’·

414 2730 488 2776 λιστα
505 2725 651 2793 τιμωμένοις
669 2722 711 2776 καὶ
731 2719 875 2793 δυναμένοις
891 2722 941 2774 ἀπὸ
960 2723 1052 2774 τούτων
1069 2723 1202 2792 ἐνάμιλλος,

455 2807 520 2863 Cer.
537 2809 586 2862 IV.
610 2809 795 2881 Pncpou'tus.
817 2811 929 2862 Auctor
949 2809 1024 2862 Bell.
1048 2805 1195 2862 Alexand.
1206 2843 1216 2871 ,
1233 2821 1292 2859 xxv
1314 2823 1322 2858 ι
1348 2828 1362 2854 ι
1377 2805 1468 2861 Caesar

415 2901 529 2956 classem
539 2900 623 2973 jubet
639 2899 769 2975 expediri
787 2909 873 2974 atque
887 2897 990 2956 instrui
1007 2919 1014 2954 :
1029 2897 1149 2974 praelicit
1160 2897 1228 2954 huie
1241 2895 1393 2954 Tiberium
1405 2897 1465 2955 Ne·

414 3011 523 3048 sonem.
536 3017 548 3042 ν

459 3083 588 3140 Contulit.
604 3084 817 3158 Di0,xn1‚p.
840 3090 896 3150 204
913 3078 1002 3146 :lices
1018 3091 1060 3145 καὶ
1077 3091 1132 3152 τοὺς
1149 3093 1245 3154 λοιποὺς
1262 3092 1355 3163 μηκέτι
1374 3094 1464 3162 τολμᾷν

414 3186 639 3254 παρακομίζεσθαι,
653 3187 736 3256 μίχρις
749 3178 775 3240 οὗ
792 3182 901 3256 Τιὸίριος
919 3180 1043 3244 Κλαύδιος
1056 3185 1068 3236 ὁ
1082 3185 1164 3255 Νίροιν
1175 3185 1198 3244 lc
1211 3185 1284 3238 αὐτὸν
1301 3185 1362 3237 τότι
1371 3185 1411 3237 tis
1421 3201 1464 3235 σο-

413 3279 492 3348 ταριὸν
507 3278 677 3344 ἀναπλεύσας,
700 3280 801 3340 ἐκείνους
819 3299 846 3332 τι
861 3281 931 3349 μάχῃ
942 3281 1078 3350 inplicitos,
1095 3275 1199 3338 καὶτοῖς
1212 3279 1335 3348 σριτίροις
1352 3271 1466 3328 &leices-

413 3388 451 3437 ρον
465 3371 505 3421 τὸν
519 3371 657 3439 πρέυπλουν
677 3372 785 3428 lesisse.

454 3455 680 3510 Decementibus.
697 3457 777 3511 Inter
796 3475 871 3530 quos
886 3457 964 3526 Cic,
982 3456 1066 3528 cujus
1079 3455 1240 3512 orationem
1253 3473 1312 3530 qua
1322 3462 1464 3534 ἀμνηστίαν

413 3547 500 3603 suasit
513 3548 641 3603 meminit
659 3547 733 3620 Dio,
748 3567 827 3620 xutv,
841 3567 870 3623 p.
889 3546 1033 3608 aso-256.

453 3641 621 3716 Insignibus.
637 3643 671 3696 ll.
689 3659 712 3696 e.
729 3641 860 3698 fascibus.

455 3735 502 3790 Ad
509 3735 625 3808 pileum.
643 3735 736 3791 intell.
751 3734 789 3790 ad
802 3734 978 3805 libertatem,
995 3735 1070 3791 servi
1084 3733 1175 3804 enim,
1189 3753 1280 3810 quum
1293 3751 1347 3807 per
1360 3749 1465 3788 manu·

412 3825 574 3882 missionem
587 3825 672 3883 liberi
694 3825 811 3898 fierent,
833 3829 942 3901 pileum
961 3827 1055 3902 capite
1068 3827 1199 3886 solebant
1213 3827 1372 3899 imponere.
1391 3822 1465 3879 lnde

411 3921 517 3992 pileum
527 3938 581 3992 pro
595 3919 735 3976 libertate.
747 3923 861 3993 Senec,
871 3921 954 3996 epist.
965 3939 1068 3976 σινιιε
1084 3945 1095 3970 ι
1106 3919 1189 3976 Dicet
1198 3937 1276 3976 nunc
1291 3917 1411 3994 aliquis,
1420 3932 1467 3971 me

412 4029 515 4068 vocare
533 4011 571 4067 od
590 4012 698 4086 pileum
712 4031 824 4084 servos,
835 4039 847 4062 ν
862 4023 890 4070 et
905 4011 1044 4084 Martini,
1059 4029 1100 4082 ιι,
1123 4011 1177 4081 48,
1198 4016 1214 4076 4
1233 4030 1240 4065 :

519 4200 584 4249 Totis
598 4200 661 4268 pileo
672 4201 771 4250 sarcinis
785 4197 884 4248 redemi.
