3114 5446
499 493 701 548 caticum.
1066 491 1118 566 293

90 614 171 708 pho,
196 639 300 682 ovans
325 614 450 684 Urbem
479 613 580 684 natali
604 601 666 682 suo
690 615 857 707 ingressus
875 629 934 683 est.
959 619 1118 710 Intraque

90 746 239 826 quartum
255 757 401 802 mensem
418 734 535 826 periit,
552 733 698 828 ingentia
715 733 860 802 facinora
878 759 994 822 ausus,
1009 750 1042 804 et
1057 736 1117 805 ali-

90 865 209 944 quanto
225 852 353 944 majora
371 851 519 921 moliens.
535 851 706 946 Siquidem
723 868 942 946 proposuerat
956 856 1118 944 Antium,

93 967 207 1037 deinde
241 967 507 1058 Alexandriam,
542 971 784 1064 commigrare,
817 972 993 1045 interemto
1026 977 1120 1068 prius

91 1089 262 1182 utriusque
293 1088 419 1158 ordinis
456 1088 654 1158 electissimo
684 1113 827 1182 quoque.
857 1090 959 1178 Quod
992 1117 1034 1160 ne
1064 1097 1119 1162 cui

93 1205 225 1274 dubium
255 1206 431 1296 videatur,
462 1210 495 1276 in
525 1207 657 1278 secretis
690 1208 761 1299 ejus
788 1209 910 1302 reperti
940 1227 1019 1280 sunt
1050 1211 1118 1281 duo

92 1322 207 1414 libelli,
229 1324 359 1396 diverso
380 1325 478 1396 titulo
495 1351 504 1395 ε
524 1325 619 1395 alteri
638 1349 806 1413 ananius,
824 1324 919 1394 alteri
939 1353 1046 1400 onero
1066 1332 1118 1400 in-

92 1443 144 1514 dex
175 1459 261 1514 erat.
290 1446 401 1515 Ambo
429 1447 565 1516 nomina
590 1462 624 1515 et
653 1460 748 1515 notas
776 1447 990 1516 continebant
1018 1453 1118 1518 morti

93 1561 342 1632 destinatorum.
364 1567 500 1634 Inventa
521 1580 555 1634 et
575 1589 650 1634 arca
670 1565 807 1658 ingens,
831 1566 999 1634 variorum
1019 1593 1118 1638 vene·
1227 1643 1231 1650 ,

92 1707 204 1752 norum
225 1681 325 1776 plena
340 1709 349 1752 :
366 1684 486 1777 quibus
506 1708 584 1752 mox
604 1708 624 1752 a
642 1682 782 1753 Claudio
804 1682 978 1770 demersis,
999 1685 1119 1756 infecta

94 1802 189 1870 maria
210 1801 402 1890 traduntur,
421 1827 488 1870 non
504 1803 576 1870 sine
592 1803 732 1895 piscium
752 1803 869 1888 exitio,
887 1827 971 1896 quos
987 1820 1120 1875 euectos

92 1933 182 1989 estus
201 1921 238 1990 in
256 1922 408 2015 proxima
423 1919 521 1990 litora
538 1921 643 2014 ejecit.

132 2041 169 2108 L
192 2042 330 2108 Statura
352 2039 415 2107 fuit
435 2041 614 2127 eminenti,
638 2037 748 2109 colore
768 2038 956 2134 expallido,
980 2065 1120 2136 corpore

77 2153 233 2247 cummi,
252 2157 441 2253 gracilitate
461 2160 603 2227 maxima
623 2159 762 2228 cervicis
781 2173 815 2228 et
834 2183 992 2249 crurum,
1014 2161 1119 2232 oculis

90 2291 119 2344 et
133 2277 340 2371 temporibus
353 2277 523 2364 concavis,
535 2277 645 2366 frome
657 2276 722 2346 lata
735 2293 770 2348 et
784 2292 894 2366 torva,
908 2277 1029 2374 capillo
1042 2305 1119 2350 raro

90 2419 125 2464 ac
143 2398 234 2491 circa
250 2397 408 2464 verticem
428 2395 540 2486 nullo,
557 2397 704 2466 hirsutus
722 2411 840 2466 cetera.
861 2399 993 2486 Quare,
1012 2413 1119 2468 traus-

88 2529 182 2596 ennte
207 2540 270 2604 eo,
291 2517 479 2610 prospicere
504 2540 544 2584 ex
572 2517 741 2609 superiore
764 2531 878 2608 parte,
903 2507 962 2583 aut
981 2518 1119 2586 omnino

87 2657 285 2726 quacunque
305 2633 346 2700 de
362 2657 460 2702 causa
474 2655 615 2730 capram
638 2634 830 2720 nominare,
852 2634 1067 2702 criminosum
1084 2650 1118 2704 et

87 2751 214 2822 exitiale
242 2751 439 2822 habebatur.
464 2751 604 2822 Vultum
629 2777 707 2820 vero
735 2765 854 2820 natura
878 2751 1053 2820 horridum
1079 2778 1117 2822 ac

86 2883 210 2940 tetrum
238 2873 341 2940 etiam
371 2896 412 2940 ex
440 2871 601 2940 industria
632 2870 813 2957 efferabat,
845 2895 1046 2963 componens
1076 2871 1120 2940 ad

86 2989 260 3084 speculum
280 2991 313 3058 in
332 3015 464 3060 omnem
480 3005 643 3060 terrorem
660 3016 698 3060 ac
715 2988 937 3058 formidinem.
953 2987 1120 3060 Valetudo

85 3110 113 3175 ei
131 3135 243 3204 neque
261 3111 411 3204 corporis
431 3135 538 3204 neque
556 3111 656 3178 animi
677 3111 837 3180 constitit.
856 3111 943 3178 Puer
961 3108 1119 3178 comitiali

82 3231 202 3298 morbo
215 3245 368 3318 vexatus,
382 3231 416 3297 in
430 3227 650 3300 adolescentia
662 3229 708 3298 ita
723 3230 849 3322 patiens
865 3227 1016 3296 laborum
1031 3243 1119 3317 erat,

84 3364 120 3418 ut
135 3363 251 3418 tamen
268 3374 509 3442 nonnunquam
525 3350 633 3418 subita
651 3348 833 3416 defectione
852 3347 996 3441 ingredi,
1012 3361 1118 3432 stare,

81 3467 240 3564 colligere
261 3483 385 3550 semet,
408 3494 446 3537 ac
469 3469 606 3538 sufferre
629 3469 681 3536 vix
705 3481 823 3562 posset.
846 3469 969 3536 Mentis
990 3465 1118 3535 valetu-

79 3587 198 3658 dinem
220 3604 255 3658 et
279 3589 349 3682 ipse
369 3565 534 3676 senserat,
557 3613 596 3657 ac
620 3587 759 3656 subinde
778 3585 819 3654 de
839 3609 986 3672 secessu,
1011 3585 1118 3678 deque

78 3708 263 3804 purgando
276 3709 412 3778 cerebro
424 3709 591 3802 cogitavit.
605 3706 760 3777 Creditur
774 3705 964 3798 potionatus
978 3729 996 3772 a
1009 3707 1117 3772 Caeso·

76 3829 132 3896 nia
157 3853 287 3916 uxore,
312 3829 473 3896 amatorio
495 3826 629 3921 quidem
657 3825 923 3904 medicamento,
946 3821 1004 3892 sed
1027 3821 1118 3914 quod

75 3949 108 4014 in
142 3947 298 4016 furorem
330 3949 476 4016 verterit.
507 3947 711 4016 Incitabatur
744 3945 908 4014 insomnia
938 3943 1080 4024 maxime
1108 3967 1116 4008 :

75 4071 305 4162 nequeenim
326 4067 516 4164 plusquam
537 4068 642 4136 tribus
667 4063 836 4136 nocturnis
860 4065 951 4132 horis
973 4065 1118 4158 quiesce·

236 4213 259 4257 1.
936 4180 974 4252 13
