3168 5440
451 515 491 570 tn
511 517 542 572 C.
564 517 590 571 J.
613 515 806 572 CAES'AREM.
1103 518 1156 577 135

121 649 172 706 que
186 629 342 704 impetum,
360 647 393 684 ac
410 648 502 704 prope
516 649 576 706 quo
590 632 674 700 loco,
688 639 717 686 et
732 627 1002 704 quemadmodum
1018 633 1073 688 tela
1087 634 1156 688 mit·

121 731 223 792 urent,
243 719 380 795 praecipit.
395 745 408 772 ι

156 815 221 870 (λι.
238 815 362 870 XXVII.
381 813 577 870 conditionem.
592 815 648 868 Pro
666 812 798 886 pactione
814 815 981 890 nuptiarum
994 819 1156 890 sponsalio-

121 924 223 962 rumve.
248 907 292 962 Ex
325 905 435 978 Cujan,
465 905 494 961 in
522 905 739 960 denuntiatione
763 909 940 982 nuptiarum,
966 907 1069 966 usitata
1095 909 1155 966 bac

119 999 219 1054 verba:
234 997 422 1055 «conditione
439 1017 498 1054 uon
515 1008 580 1054 utar
596 1009 654 1055 tua.
671 1022 684 1049 a

156 1093 262 1146 Fausto
283 1091 381 1146 Sullae.
401 1105 442 1169 Τῷ
462 1102 540 1169 Σύλλᾳ
560 1095 648 1163 παιδί,
662 1094 803 1150 Plutarch.
818 1091 849 1148 in
869 1091 960 1161 θαι,
973 1112 1003 1168 p.
1020 1101 1085 1164 7¹4·

158 1183 238 1238 Cr’rca
254 1201 324 1240 eum.
344 1182 464 1254 Amicis,
483 1182 629 1257 proximis.
646 1184 692 1240 Sic
705 1187 823 1256 Noster,
839 1183 919 1254 cat,
934 1204 953 1242 x
961 1227 970 1258 ,
985 1205 1019 1258 75
1032 1188 1137 1244 Domi.
1144 1229 1154 1256 ,

119 1293 160 1344 rx,
180 1275 206 1330 3.

157 1368 293 1422 Gratuc'to.
312 1369 348 1424 Η.
365 1387 388 1424 c.
409 1368 529 1442 pecunia
548 1377 649 1424 rnutuo
665 1368 732 1425 data
752 1369 811 1426 sinc
828 1370 947 1426 l'oenore.

156 1461 331 1536 Congiarros.
356 1461 476 1536 Proprie
498 1460 617 1520 donatio
642 1462 702 1518 vini
724 1475 772 1520 aut
795 1464 851 1520 olei
871 1483 878 1518 :
898 1463 966 1519 inde
983 1463 1102 1520 ductum
1120 1465 1158 1523 ad

118 1552 241 1627 quasvis,
254 1551 338 1610 etiarn
351 1553 492 1627 pecunia,
510 1553 688 1610 donationes.

157 1641 282 1702 Unicum.
300 1647 335 1702 Η.
350 1665 373 1701 e.
393 1646 549 1723 singulare,
559 1647 711 1716 eximium,
727 1658 758 1702 ut
773 1649 879 1720 Plaut,
897 1649 992 1716 Asin,
1008 1668 1053 1720 rr,
1070 1669 1098 1720 ι,
1113 1650 1153 1708 3:

220 1803 258 1850 'l'u
269 1808 340 1867 poeta
352 1815 378 1852 cs
391 1817 485 1866 proruo
498 1800 528 1851 ad
542 1817 595 1850 earo
609 1817 659 1850 rem
674 1801 767 1873 unicus.

155 1937 222 1991 Cur.
238 1936 378 1994 xxvnl.
393 1937 492 2010 Reges.
508 1905 554 1992 sc}
570 1954 650 2012 reges
667 1935 829 1992 loederatos.

154 2027 305 2102 Superque.
322 2029 357 2086 ll.
378 2047 402 2083 e.
418 2037 592 2102 praeterque,
609 2038 641 2082 ut
654 2027 803 2098 Phaedrus,
822 2047 875 2098 nr,
899 2046 951 2098 ra,
971 2046 987 2082 a
1009 2048 1018 2085 r

124 2210 127 2216 ,
221 2164 270 2228 Qui
281 2179 354 2231 super
363 2164 471 2215 obscum
482 2164 545 2214 dieta
559 2174 583 2214 et
597 2164 706 2230 petulans
716 2163 831 2230 jurgium.
886 2163 888 2166 ’

156 2299 198 2352 Μ.
220 2297 362 2354 Claudius.
377 2298 484 2354 Consul
499 2296 553 2352 luit
576 2315 640 2352 cmn
654 2297 732 2353 serv.
749 2296 855 2371 Sulpic.
875 2297 970 2367 auro,
985 2299 1020 2354 A.
1040 2298 1076 2354 U.
1092 2299 1158 2368 703.

158 2391 308 2460 Quando...
325 2389 496 2464 abrogasset.
518 2389 683 2446 Gronovius
698 2401 727 2443 et
744 2409 799 2462 pro
818 2408 868 2444 nec
882 2389 968 2466 legit,
984 2387 1066 2464 quod
1082 2391 1157 2446 reci-

117 2481 198 2555 piunt
217 2482 305 2538 Wolf.
323 2493 351 2537 et
369 2482 411 2538 Cl.
430 2483 511 2538 Base.

156 2577 193 2630 In
201 2573 346 2630 oemruuu.
360 2574 418 2631 Ubi
432 2573 618 2630 servabantur
633 2573 972 2646 leges,senatuscoasulta
991 2583 1019 2627 et
1039 2584 1157 2629 contra-

116 2677 211 2721 ctuum
230 2676 421 2722 monumenta.
444 2666 485 2721 Cf.
500 2668 665 2721 Prurrucu.
676 2706 683 2733 ,
695 2664 803 2734 Quoest.
818 2681 903 2730 mm,
917 2670 961 2730 lo.

155 2759 311 2833 Rogatibne
327 2756 451 2812 Vauuia.
472 2755 547 2812 Vide
563 2774 666 2829 supra,
683 2774 710 2809 v.

155 2851 222 2905 Cur.
237 2850 352 2906 XXIX.
371 2849 539 2924 Insequenti.
556 2851 589 2904 A.
609 2849 644 2903 U.
661 2854 726 2917 704·

156 2941 310 2997 Cunbnem.
331 2941 421 3014 Cujus
435 2940 564 3014 perditos
584 2957 677 2996 mores
691 2937 827 2994 describit
842 2939 935 3006 vett,
951 2957 993 3009 ιι,
1011 2937 1060 2993 83.

156 3035 333 3110 Designatus.
343 3035 375 3089 L.
386 3033 549 3090 Cornelium
565 3033 718 3088 Lentulum
732 3041 760 3086 et
769 3031 800 3088 C.
816 3030 966 3086 Claudium
980 3031 1157 3090 Marcellum.

115 3111 126 3124 ’
155 3127 277 3200 Pepigr't.
296 3125 400 3181 Pacisci
425 3125 534 3196 voluit,
556 3125 606 3181 sed
631 3123 785 3181 adversarii
810 3122 906 3178 omnia
929 3123 1113 3195 rejecerunt,
1126 3133 1159 3178 ur

115 3237 182 3274 mox
196 3217 334 3291 sequitur.

153 3309 329 3365 ciaxxx.
341 3310 525 3364 Adversariir.
542 3309 715 3365 Consulibus
732 3307 867 3379 maxime,
882 3307 1005 3363 Lentulo
1023 3317 1053 3364 et
1075 3305 1158 3363 Mar-

117 3403 197 3457 cello.

155 3493 396 3567 conventibusque.
416 3493 490 3550 Vide
503 3512 605 3567 supra,
623 3513 676 3548 ιιι.

155 3586 266 3640 Nomen
279 3585 347 3656 ejus.
363 3587 398 3642 Η,
414 3605 438 3642 e.
458 3585 569 3658 judicio
586 3585 686 3660 capitis
699 3597 914 3656 accusaturum,
924 3595 957 3640 ut
969 3585 1042 3656 cic,
1060 3582 1156 3652 Vera,

117 3697 141 3748 1,
161 3679 180 3734 6
206 3697 214 3733 :
240 3659 385 3735 «Nomen
408 3679 530 3736 hominis
549 3679 726 3752 audacissimi
748 3679 847 3735 detuli.
872 3703 883 3728 υ
904 3679 950 3734 sic
981 3679 1104 3749 Noster,
1129 3675 1159 3731 in

116 3771 385 3907 &Ziniudvl’olliu
400 3851 470 3907 Belli
485 3850 574 3907 civilis
589 3849 736 3907 historiam
749 3851 874 3925 scripsit,
888 3861 921 3904 ut
939 3849 1024 3906 docet
1037 3849 1158 3921 Horat,

123 3942 172 3996 (ld.
188 3961 226 4013 11,
249 3961 259 3997 ι
278 3962 285 3997 :

256 4086 350 4132 Motum
365 4099 394 4132 er
407 4081 506 4132 Metello
520 4083 616 4132 conside
628 4081 730 4132 civicum
744 4118 750 4144 ,

258 4165 363 4232 Bellique
377 4181 456 4216 causas
469 4175 492 4215 et
509 4165 565 4216 vitia
576 4176 599 4216 ct
612 4165 703 4216 modos.
