3114 5446
440 501 497 558 aad
841 502 872 557 C.
894 501 1068 558 SUETONII

439 651 496 695 sua
514 624 641 720 repulit.
661 628 744 694 Item
762 625 901 693 scribam
918 625 1144 718 questorium,
1164 625 1307 714 itemque
1321 637 1462 716 praetura

439 743 590 812 functum
615 758 818 828 senatorem,
846 743 1011 812 inauditos
1040 757 1072 810 et
1099 741 1249 812 innoxios
1273 739 1458 834 relegavit:

438 861 528 954 quod
541 859 596 929 ille
608 861 762 930 adversus
777 863 941 955 privatum
958 885 991 929 se
1004 860 1273 952 intemperantius
1288 858 1462 944 adfuisset3

438 980 493 1049 hic
518 981 553 1048 in
579 978 731 1048 aedilitate
750 979 928 1073 inquilinos
947 979 1145 1073 praediorum
1170 1003 1321 1064 suorum,
1345 993 1462 1046 contra

437 1099 575 1168 vetitum
591 1113 683 1167 cocta
702 1098 897 1197 rendentes,
925 1096 1111 1184 multasset,
1130 1095 1340 1189 villicumque
1359 1099 1461 1164 inter-

437 1217 622 1285 venientem
635 1216 837 1312 flagellasset.
856 1219 932 1305 Qua
946 1217 986 1284 de
999 1240 1097 1285 causa
1113 1217 1212 1283 etiam
1230 1215 1462 1306 coercitionem

436 1337 633 1430 popinarum
654 1333 802 1404 aedilibus
829 1335 960 1404 ademit.
990 1339 1039 1404 Ac
1065 1357 1106 1402 ne
1131 1331 1301 1401 stultitiam
1327 1333 1461 1426 quidem

437 1480 530 1523 suam
562 1457 709 1541 reticuit,
745 1452 995 1548 simulatamque
1028 1479 1047 1523 a
1075 1479 1109 1522 se
1138 1477 1178 1520 ex
1207 1445 1370 1521 industria
1400 1453 1461 1522 sub

438 1574 632 1668 Caio,.quod
649 1573 744 1642 aliter
761 1599 917 1644 evasurus
935 1589 1215 1667 peruenturusque
1224 1572 1265 1639 ad
1277 1587 1463 1665 susceptam

437 1696 611 1762 stationem
638 1719 704 1762 non
726 1694 841 1782 fuerit,
869 1693 1063 1787 quibusdam
1090 1689 1304 1760 oratiunculis
1327 1707 1464 1760 testatus

437 1827 496 1881 est.
527 1815 597 1881 Nec
622 1827 731 1881 tamen
757 1815 934 1906 persuasit3
961 1837 1063 1905 quum
1092 1813 1177 1878 intra
1207 1811 1305 1877 breve
1333 1815 1465 1903 tempus

438 1929 520 1998 liber
538 1931 644 2000 editus
660 1934 717 2016 sit,
734 1933 786 1999 cui
800 1929 897 1999 index
909 1945 978 1998 erat
993 1929 1107 2019 μωρῶν
1125 1922 1352 2015 ἐπάνᾶστασις,
1371 1953 1467 2023 argu·

438 2056 585 2117 mentum
601 2064 724 2135 antem,
744 2049 948 2117 «stultitiam
964 2051 1126 2117 neminem
1144 2049 1274 2142 fingere.
1290 2077 1306 2112 n

409 2249 413 2255 Ι
486 2171 638 2235 XXXIX.
669 2172 761 2236 Inter
788 2181 894 2236 cetera
919 2167 953 2234 in
978 2192 1016 2235 eo
1039 2168 1146 2235 mirati
1169 2181 1246 2234 sunt
1262 2167 1415 2234 homines
1435 2181 1470 2235 et

437 2285 635 2354 oblivionem
655 2300 687 2354 et
707 2285 1032 2370 inconsiderantiam,
1057 2284 1125 2372 vel,
1153 2300 1191 2353 ut
1213 2309 1316 2379 graece
1337 2286 1469 2372 dicam,

434 2413 602 2494 μετεωρίαν
627 2418 659 2472 et
687 2401 857 2502 aidan-lter.
887 2405 1005 2472 Occisa
1033 2403 1224 2483 Messalina,
1248 2402 1348 2496 paulo
1372 2419 1471 2497 post,

438 2547 537 2614 quam
553 2525 587 2590 in
607 2522 749 2591 triclinio
764 2523 936 2610 decubuit,
954 2547 1043 2590 ocur
1055 2522 1188 2590 domina
1206 2546 1273 2588 non
1292 2524 1438 2608 veniret,
1455 2553 1472 2585 n

438 2643 615 2733 requisivit.
638 2639 764 2710 Multos
780 2665 819 2709 ex
836 2643 892 2727 iis,
907 2665 989 2732 quos
1013 2641 1118 2733 capite
1143 2639 1379 2726 damnaverat,
1393 2666 1474 2734 pos-

438 2773 509 2827 tero
526 2760 636 2827 statim
652 2759 704 2826 die
722 2761 804 2828 etin
821 2760 1023 2844 convivium,
1038 2773 1071 2825 et
1089 2757 1130 2825 ad
1147 2756 1224 2826 aleae
1236 2757 1344 2826 lusum
1355 2758 1475 2828 admo·

437 2879 507 2944 neri
525 2877 641 2968 jussit:
660 2892 707 2963 et,
726 2877 819 2970 quasi
839 2890 1060 2964 morarentur,
1088 2891 1126 2944 ut
1146 2875 1383 2946 somniculosos
1409 2903 1476 2970 per

438 2996 597 3064 nuncium
622 2996 794 3086 increpuit.
828 2997 998 3062 Ducturus
1022 3009 1137 3062 contra
1167 2994 1215 3062 fas
1245 2998 1476 3089 Agrippinam

439 3136 598 3199 uxorem,
633 3139 699 3181 non
732 3115 870 3182 cessavit
905 3115 995 3180 omni
1030 3115 1178 3181 oratione
1207 3143 1224 3177 u
1242 3113 1364 3198 filiam,
1381 3144 1400 3178 n
1441 3133 1481 3185 et

437 3227 671 3318 «alumnam,>›
685 3246 717 3299 et
735 3233 795 3298 ain
814 3233 937 3325 gremio
954 3255 1013 3299 suo
1031 3247 1141 3299 natam
1156 3231 1481 3325 atquecducatam»

436 3347 621 3441 praedicare.
642 3353 813 3419 Asciturus
836 3352 871 3418 in
892 3375 1011 3418 nomen
1036 3350 1165 3419 familiae
1190 3376 1254 3420 suae
1278 3353 1484 3440 Neronem,

436 3468 529 3558 quasi
558 3492 673 3560 parum
702 3468 1019 3562 reprehenderetur,
1050 3469 1140 3561 quod
1166 3467 1279 3538 adulto
1301 3471 1373 3568 jam
1402 3472 1487 3542 [ilio

437 3585 624 3678 privignum
641 3586 827 3680 adoptaret,
848 3585 1026 3654 identidem
1044 3585 1243 3680 divulgavit,
1265 3617 1282 3651 a
1297 3591 1489 3660 neminem

438 3725 581 3794 unquam
598 3729 658 3797 per
673 3703 881 3796 adoptionem
898 3703 1027 3772 familiae
1043 3703 1188 3773 Claudiae
1206 3705 1382 3776 insertum.
1405 3739 1426 3772 s

483 3824 554 3889 XL.
576 3824 743 3890 Sermonis
761 3847 838 3891 vero
855 3848 1032 3917 rerumque
1046 3839 1172 3893 tantam
1190 3850 1274 3920 saepe
1290 3825 1493 3922 qegligen-

438 3941 516 4008 tiam
535 3942 694 4029 ostendit,
712 3956 748 4009 ut
767 3964 827 4010 nec
845 3944 935 4034 quis,
955 3968 1014 4012 nec
1033 3944 1119 4012 inter
1135 3970 1233 4038 quos,
1250 3971 1364 4037 quove
1383 3964 1496 4018 tem·

439 4081 517 4148 pore
537 4085 575 4128 ac
594 4059 665 4128 loco
688 4059 787 4127 verba
806 4060 938 4149 faceret,
963 4063 1046 4130 scire
1062 4078 1119 4131 aut
1135 4066 1280 4158 cogitare
1298 4067 1502 4138 existima·
