3108 5434
409 457 593 514 OCTAVIUS
613 458 815 514 AUGUSTUS.
1072 458 1124 515 105

152 581 339 649 Lxxxtx
366 580 417 648 Ne
441 581 630 648 Graecarum
655 580 786 672 quidem
810 578 1053 672 disciplinarum
1080 578 1125 648 le·

114 697 194 764 aiore
209 695 324 765 studio
341 697 513 765 tenebatur
528 721 537 763 ε
552 698 586 764 in
602 697 722 789 qatibus
734 703 770 763 'et
783 698 861 790 ipsis
875 698 1048 790 praestabat
1064 695 1127 766 lar·

113 815 210 906 giter,
240 815 402 908 magistro
426 813 555 916 dioendi
579 837 656 882 usus
682 813 884 908 Apollodoro
908 817 1126 909 Pergameno,

114 955 204 1022 quem
218 934 291 1024 jam
310 930 467 1025 grandem
483 946 564 1000 natu
582 930 789 1025 Apolloniam
808 957 940 1026 quoquo
958 957 1067 1002 seeum
1087 935 1128 1001 ab

116 1035 199 1117 Urbe
213 1049 347 1142 juvenis
365 1049 473 1118 adhue
490 1049 656 1118 eduxerat.
680 1051 807 1119 Deinde
827 1051 1010 1120 eruditione
1032 1052 1128 1120 etiam

117 1169 200 1236 varia
216 1166 365 1262 repletus
380 1182 428 1238 est
445 1192 504 1263 por
520 1169 597 1238 Arei
613 1168 817 1263 philosophi,
834 1167 1043 1262 filiorumque
1061 1170 1130 1262 ejus

118 1287 264 1378 Dionysii
280 1300 315 1356 et
329 1287 516 1372 Nicanoris,
531 1287 781 1356 contubernium
797 1313 805 1355 :
819 1313 886 1356 non
902 1302 1011 1356 tamen
1026 1301 1063 1354 ut
1076 1285 1150 1356 aut
1175 1291 1178 1302 '

118 1402 305 1496 loqueretur
333 1403 500 1498 expedite,
528 1419 587 1474 aut
613 1427 809 1499 componore
836 1405 961 1500 aliquid
986 1407 1131 1474 auderet.

117 1524 199 1592 Naar
217 1537 271 1610 et,
288 1524 316 1591 si
335 1522 416 1616 quid
432 1547 482 1592 res
499 1525 660 1618 exigeret,
678 1525 794 1592 Latine
810 1523 988 1610 formabat,
1005 1539 1135 1592 verten-

119 1639 263 1734 dumque
286 1639 343 1710 alii
366 1641 473 1710 dabat.
498 1641 562 1714 Sed
586 1639 682 1736 plane
703 1655 889 1735 poematum
913 1666 1043 1736 quoque
1056 1667 1133 1711 non

120 1760 306 1852 imperitus,
325 1757 546 1828 delectabatur
564 1761 663 1828 etiam
687 1761 845 1831 conroedia
862 1762 980 1847 veteri,
1000 1775 1033 1830 et
1053 1787 1136 1855 saepe

120 1901 187 1946 eam
204 1877 356 1962 exhibuit
374 1875 513 1972 publicis
531 1877 734 1972 spectaculis.
753 1883 792 1949 In
809 1878 996 1949 evolvendis
1013 1884 1135 1950 utrius-

120 2021 180 2088 que
194 1995 318 2092 linguae
331 1998 517 2068 auctoribus
530 1995 613 2066 nihil
627 2021 718 2091 aeque
732 1999 931 2084 sectabatur,
945 2024 1044 2092 quarn
1057 2026 1138 2094 prae·

121 2131 212 2210 cepta
232 2131 267 2185 et
288 2114 436 2210 exempla
459 2115 589 2209 publice
605 2116 657 2186 vel
673 2119 825 2212 privatim
846 2117 986 2187 salubria
1008 2145 1016 2187 :
1035 2143 1137 2212 eaque

121 2235 318 2306 adverbum
339 2250 505 2330 excerpta,
524 2235 639 2305 autad
658 2237 866 2325 domesticos,
885 2253 943 2306 aut
959 2238 998 2306 ad
1018 2240 1138 2308 exerci-

122 2369 215 2430 tuum
229 2353 538 2448 provinoiarumque
555 2369 714 2443 rectores,
731 2370 786 2424 aut
803 2355 844 2424 ad
857 2357 956 2426 Urbis
972 2358 1139 2450 magistra-

121 2488 170 2542 tus
191 2471 388 2567 plerumque
407 2473 575 2559 mittebat,
594 2488 693 2566 prout
713 2475 836 2566 quique
854 2475 1034 2542 monitione
1054 2474 1140 2542 indi-

120 2605 244 2683 gerent„
261 2591 371 2660 Etiam
386 2589 485 2660 libros
504 2605 588 2660 totos
602 2605 634 2660 et
649 2594 774 2661 senatui
794 2593 954 2678 recitavit,
971 2606 1004 2659 et
1017 2590 1140 2684 populo

121 2725 216 2778 notos
237 2733 296 2802 per
318 2708 460 2776 edictum
481 2733 563 2802 saepe
585 2709 660 2778 lecit
677 2733 690 2778 a
707 2724 744 2778 ut
762 2711 926 2778 orationes
946 2710 990 2796 Q.
1013 2707 1138 2777 Metelli

118 2828 159 2896 de
167 2827 270 2924 prole
284 2826 457 2920 augenda,
473 2841 507 2895 et
519 2825 633 2898 Rutilii
646 2827 689 2896 de
703 2827 801 2896 modo
816 2825 1033 2918 confictorum
1050 2851 1060 2894 .·
1075 2851 1141 2918 quo

118 2948 226 3039 inagis
243 2943 471 3037 persuaderet,
490 2959 662 3037 utramque
685 2969 753 3014 rem
776 2969 842 3013 non
863 2967 935 3014 aee
950 2945 1058 3037 primo
1075 2946 1143 3013 ani·

119 3062 345 3146 madrersarn,
364 3052 420 3131 sed
437 3063 578 3155 antiquie
593 3064 660 3155 jam
680 3079 759 3132 tunc
776 3087 862 3130 curae
880 3062 987 3132 fuisse.
1006 3065 1142 3157 Ingenia

117 3179 223 3248 seculi
240 3181 293 3248 sui
310 3179 463 3248 omnibus
478 3180 584 3248 modis
600 3179 691 3248 fovit.
706 3181 889 3250 Recitantes
904 3193 937 3246 et
952 3180 1094 3274 benigne
1110 3196 1143 3248 et

116 3299 288 3389 patienter
305 3295 447 3381 audivit;
467 3321 528 3365 nec
547 3311 674 3365 tantum
691 3299 837 3368 carmine
852 3310 884 3366 et
901 3291 1067 3384 historiae,
1087 3298 1143 3368 sed

116 3430 151 3482 et
169 3416 344 3484 orationes
360 3429 393 3482 et
411 3413 565 3508 dialogos.
585 3416 751 3507 Componi
768 3407 875 3483 teriren
894 3413 1017 3508 aliquid
1033 3413 1073 3482 de
1090 3439 1142 3500 se,

115 3534 179 3600 nisi
199 3547 245 3630 et⁸
255 3532 362 3616 serio,
378 3546 446 3603 eta
464 3533 751 3624 praestantissimis,
768 3531 1011 3617 offendebatur3
1031 3532 1143 3600 admo·

115 3652 290 3743 nebatque
304 3665 473 3743 pretores,
491 3673 532 3718 ne
546 3665 736 3742 paterentur
752 3675 871 3719 nomen
885 3675 981 3723 suum
994 3654 1144 3720 commis·

111 3769 270 3837 sionibus
286 3767 478 3836 obsolefieri.
585 3803 588 3816 =

161 3889 243 3956 XC.
269 3889 368 3956 Circa
394 3885 566 3980 religiones
592 3887 687 3956 talem
714 3890 904 3982 accepimus.
928 3889 1087 3956 Tonitrua
1111 3899 1143 3952 et

110 4005 257 4099 lirlgura
272 4003 371 4097 paulo
386 4004 549 4072 infirmius
565 4006 812 4096 expavescebat;
827 4019 865 4073 nt
881 4027 1006 4097 semper
1021 4015 1052 4070 et
1072 4001 1143 4066 uhi·
