3164 5442
408 559 450 615 m
472 557 660 616 TIBERlUbl
681 559 880 615 NERONEM.
1113 570 1166 608 ιιι

162 672 321 728 decidisset.
336 671 428 731 Sinin
439 673 528 742 Coeu,
544 691 651 730 ιιιιιι
660 716 668 745 ,
677 683 799 730 mortem
809 671 932 748 proprio
949 670 1093 727 vocabulo
1106 689 1168 728 nou

125 760 312 912 Ὓξζῖιζιι.
328 856 403 930 Dio,
422 875 489 928 ιιι,
504 875 534 934 p.
551 855 625 932 591,
641 868 765 931 quatuor
776 856 855 913 illata
870 856 954 927 dicit;
972 869 1104 932 quartum
1117 873 1171 912 an-

123 959 177 1004 tem
193 946 277 1023 quod
295 949 333 1005 ab
353 952 487 1027 Augusto
504 947 602 1006 relicta
619 947 739 1005 Tiberio
760 959 789 1006 et
806 947 970 1024 reipublice
990 946 1171 1026 ruberrumi

122 1050 261 1116 precepta
275 1059 342 1097 curn
355 1043 441 1099 tertio
458 1041 614 1100 Suetonius
627 1041 795 1115 conjunxit,
808 1052 945 1098 monente
965 1043 1007 1100 cl.
1022 1043 1109 1098 Hace.

161 1136 268 1192 Altero.
283 1134 379 1210 Hujus
391 1147 503 1212 partem
515 1135 654 1195 habemus
667 1135 698 1192 in
713 1145 901 1194 monumento
916 1137 1080 1212 Ancyranu

365 1633 413 1702 IN
439 1634 664 1704 TIBERIUM
689 1633 925 1705 NERONEM.

157 1871 227 1926 Car.
246 1869 269 1925 l.
292 1870 419 1946 Accepit.
441 1874 547 1929 Preter
559 1871 684 1948 virgines
698 1871 830 1942 vestales,
848 1887 934 1927 nemo
949 1869 979 1925 in
999 1869 1072 1927 urbe
1086 1887 1171 1946 sepe-

118 1961 253 2033 liebatur,
267 1959 321 2018 nisi
338 1961 375 2019 de
388 1963 536 2038 republica
554 1964 663 2039 optime
676 1964 803 2020 meritus.
813 1961 888 2022 Vide
903 1964 1114 2033 lirinensium,
1135 1963 1172 2018 de
1261 2007 1263 2013 s

116 2053 250 2111 dbnenb.
269 2055 367 2123 Ilum„
384 2075 430 2130 ιι,
443 2057 491 2114 ιδ.

158 2147 225 2219 (luo
249 2147 436 2222 significatur.
463 2151 668 2222 Gnsn.,1111,
695 2167 762 2206 aa:
787 2149 849 2207 «ld
867 2148 966 2206 Sabini
988 2149 1128 2224 accepisse
1155 2169 1172 2206 ι

115 2238 225 2296 Grseeis
239 2239 386 2313 videntur,
400 2240 452 2318 qui
464 2242 580 2300 vincula
593 2253 622 2299 et
638 2241 816 2299 firmamenta
829 2242 1026 2299 membrorum
1039 2257 1111 2321 ιιῠρι
1125 2241 1173 2298 di-

116 2341 196 2388 cunt.
208 2357 224 2384 ι
240 2333 337 2389 Nune
347 2349 441 2409 greco
455 2331 537 2392 ionte
551 2333 643 2407 cadit,
652 2345 686 2390 ut
701 2335 818 2410 opinor,
834 2334 907 2391 illud
919 2335 1093 2393 vocabulum
1102 2355 1110 2404 ;
1119 2334 1171 2392 sed

115 2425 287 2483 esanscritu
301 2444 374 2483 voce
391 2445 456 2502 quse
471 2426 549 2484 idem
564 2436 745 2502 constatque
759 2429 820 2497 vir,·
835 2426 1016 2500 iudcjbrtis,
1031 2439 1171 2485 stannus.

155 2533 229 2590 Cn.
243 2533 283 2588 11.
299 2532 407 2589 Coecus.
423 2533 500 2605 Liv.,
513 2535 608 2610 Epic,
624 2552 684 2589 xm
700 2554 707 2589 ε
721 2532 843 2590 «Cineas
852 2535 961 2610 legatus
975 2551 992 2592 n
1005 2535 1118 2610 Pyrrho
1133 2534 1172 2590 rd

111 2635 250 2682 anatum
263 2623 364 2682 missus
377 2623 476 2701 petiit,
489 2636 523 2684 ut
536 2625 746 2703 componendae
760 2623 840 2700 pacis
853 2644 937 2683 causa
950 2644 1002 2683 rex
1016 2625 1047 2682 iu
1061 2626 1171 2685 Urbem

110 2716 306 2792 reciperetur,
324 2717 361 2775 de
379 2735 438 2794 qua
457 2737 489 2776 re
504 2737 595 2794 quum
617 2718 655 2775 ad
675 2716 901 2794 frequentiorem
920 2727 1051 2776 senatum
1069 2717 1172 2776 reterri

108 2807 286 2884 placuisset,
300 2809 413 2885 Appius
433 2811 586 2884 Claudius,
601 2811 653 2888 qui
672 2822 795 2886 propter
808 2811 1001 2868 valetudinem
1017 2813 1171 2868 oerrlorurn

107 2903 171 2976 jan
186 2901 243 2959 diu
261 2902 386 2960 consiliis
403 2903 527 2978 publicis
539 2924 570 2962 se
584 2905 775 2976 abstinuerat,
790 2904 911 2961 venitin
924 2905 1049 2976 uariam,
1062 2914 1091 2960 et
1105 2923 1171 2961 sen-

107 2997 204 3053 tentia
220 3013 275 3053 sua
293 2995 399 3069 tenuit,
417 3007 450 3054 nt
463 2997 495 3055 id
508 3000 619 3074 Pyrrho
636 3008 822 3074 negaretur.»

147 3089 292 3164 Expulit.
311 3089 354 3146 cf.
369 3091 477 3162 vanu,
491 3109 534 3160 ιι,
549 3090 603 3163 38,
623 3099 652 3147 et
664 3091 769 3162 Fron,
786 3109 827 3161 11,
843 3088 889 3146 25.
914 3089 1100 3165 Cognominis
1119 3108 1169 3145 ra-

105 3181 228 3239 tionem
241 3180 359 3239 exbibet
372 3183 496 3254 Seneca,
511 3185 637 3240 deBrev.
651 3183 737 3264 vitre,
752 3201 813 3240 xm
829 3203 836 3238 :
850 3181 945 3255 «Quis
958 3181 1096 3240 Romania
1108 3183 1171 3256 pri·

106 3291 175 3331 runs
189 3272 338 3349 persuasit
356 3291 459 3330 navem
471 3272 687 3334 conscendere?
707 3275 845 3332 Claudius
866 3274 890 3330 is
909 3273 981 3346 fuit,
1000 3275 1113 3330 caudex
1131 3273 1171 3330 ob

104 3367 165 3424 hoe
181 3367 284 3442 ipsum
297 3366 475 3441 appellatus,
488 3367 557 3443 quia
574 3367 701 3444 plurium
714 3367 877 3425 tabularum
892 3376 1043 3425 contextus
1058 3367 1171 3422 murice
1278 3445 1280 3450 ,

102 3459 192 3536 apud
206 3457 347 3534 antiquos
358 3459 524 3518 vocabatur.
540 3485 562 3516 ι.

144 3551 358 3611 Asdrutatem.
372 3553 416 3608 De
430 3569 490 3627 quo
508 3553 625 3626 Horat,
644 3553 815 3624 od.1v,1v,
835 3553 870 3624 37
891 3571 898 3607 :

261 3761 328 3828 Quid
341 3761 446 3823 debers,
459 3779 475 3813 ο
486 3765 576 3824 Romu,
591 3762 742 3822 Neronibus,

261 3847 339 3898 Testis
349 3850 487 3898 Metaurum
500 3846 602 3910 dumea,
616 3841 644 3898 st'
652 3847 773 3898 Asdrubal

294 3930 416 3983 Devictnu

141 4115 297 4176 modus
320 4117 457 4174 Dauus...
480 4118 600 4174 tentavit
617 4118 676 4174 Nec
697 4118 734 4174 de
751 4117 883 4186 homine,
906 4133 958 4172 nec
975 4114 1012 4171 de
1031 4132 1063 4170 re
1080 4114 1171 4190 quid·

95 4231 198 4288 qum
214 4219 409 4285 compertum.

1001 4317 1053 4397 ¹4.
