3168 5440
427 449 480 508 ria
888 441 1003 498 NOTAE

422 575 540 613 examen
557 573 658 612 eornm
674 556 724 631 qni
737 556 802 630 jure
817 567 866 612 aut
885 555 1006 629 injuria,
1021 555 1139 630 publico
1155 557 1301 626 frumento
1326 571 1459 619 sustenta-

421 651 534 706 bantur.
552 649 623 720 Dio,
641 649 692 706 nbi
703 667 805 724 supra,
816 669 845 724 p.
867 657 924 716 nat
942 669 950 704 ε
972 663 1020 710 Τοῦ
1040 659 1143 720 vetites:
1155 667 1198 712 eet
1217 661 1259 713 sle
1277 662 1345 714 atres
1360 665 1462 734 φῴωτις

422 749 536 812 liirccrc
553 744 673 798 Canum
685 741 783 799 addit:
796 757 844 806 Τοῦ
860 753 963 811 πλήθους
982 753 1008 804 ab
1022 751 1089 804 κατὰ
1107 747 1258 817 δίκην,ἆλλ’
1271 754 1303 819 ὅς
1316 775 1364 808 πω
1381 759 1462 818 leraic

419 843 537 914 ρτέσισιν
553 843 618 895 stota
631 844 757 914 etpumia
770 843 955 905 iocuinliuroc-

460 928 522 981 Nec
540 945 625 982 more.
640 930 695 983 Per
713 946 843 984 censores
861 925 936 982 enim
945 945 992 983 res
1008 927 1108 1003 peragi
1120 928 1240 984 solebat

459 1019 535 1074 doec
550 1019 643 1074 solito.
662 1018 790 1094 Intellige
804 1037 936 1093 campum
949 1017 1095 1074 Martium.

465 1110 593 1167 Vieotim.
608 1112 643 1168 Η.
659 1129 683 1167 e.
698 1129 752 1185 per
768 1111 863 1182 vicos,
877 1121 911 1168 ut
922 1111 1012 1167 Tacit„
1024 1153 1033 1182 ,
1047 1113 1137 1182 Hist,
1151 1129 1193 1182 rr,
1208 1110 1264 1186 95:
1275 1138 1287 1164 ι
1299 1112 1393 1170 Editis
1406 1125 1462 1173 tota

377 1203 383 1212 '
420 1202 492 1258 urbe
505 1201 619 1258 vicatim
632 1201 873 1280 gladiatoribus»

460 1297 629 1352 [mulonem.
645 1297 680 1352 Η.
695 1296 714 1351 l.
728 1313 781 1369 per
796 1296 903 1350 msulae
918 1293 1044 1370 intellige
1057 1311 1160 1370 parvas
1168 1295 1242 1353 aedes
1255 1308 1283 1354 tt
1291 1297 1465 1372 mediocres,

419 1406 435 1442 a
458 1387 577 1462 reliquis
596 1385 720 1444 edificiis
739 1387 893 1460 sejunctas,
916 1405 988 1463 quas
1006 1385 1186 1444 tenuioribus
1202 1387 1314 1446 civibus
1334 1391 1466 1450 locsbmt

419 1479 531 1536 illarum
547 1479 666 1554 domini.
1329 1525 1332 1530 .

459 1574 606 1631 lleeeusae'a'.
621 1575 655 1630 Η.
674 1592 698 1630 e.
714 1572 879 1629 recensione
899 1571 936 1628 ad
952 1571 1204 1633 frumentationem
1221 1573 1343 1631 admissi.

459 1665 526 1720 Car.
550 1667 642 1722 XLII.
663 1665 804 1722 colonias.
825 1663 1024 1740 Carthaginem
1045 1664 1199 1739 presertim
1226 1676 1255 1722 et
1283 1667 1464 1725 Corinthum.

417 1757 504 1812 Panr.
515 1755 545 1813 in
560 1757 633 1814 Coes.
642 1767 683 1824 ,et
698 1759 770 1827 Dro,
785 1775 876 1827 xnus,
895 1775 924 1830 p.
947 1756 1014 1831 ²39.

461 1849 551 1906 Urbis.
561 1881 601 1892 -
613 1849 684 1904 Urbi
701 1847 817 1904 rectius.

459 1941 523 1996 Non
544 1953 688 1996 tenerem.
705 1941 741 1996 fl.
757 1958 781 1997 e.
796 1941 876 1996 miles
893 1959 953 1996 non
964 1951 1057 1997 esset:
1075 1951 1283 1998 sacramentnm
1303 1941 1361 1998 init
1373 1943 1465 2018 jusju-

417 2031 539 2087 randum
552 2050 613 2106 qno
630 2031 732 2087 milites
746 2033 932 2088 tenebantur.
1424 2091 1427 2100 ,

459 2123 672 2180 Contubernalis
693 2136 744 2179 aut
762 2143 864 2180 comes.
883 2123 961 2196 Quid
979 2123 1015 2180 sit
1029 2125 1253 2191 conbibet-nolis,
1269 2123 1337 2182 vide
1352 2146 1419 2203 sup.
1435 2146 1462 2182 n.

421 2213 521 2270 Comes
539 2215 650 2288 dictus,
666 2215 716 2290 qui
731 2215 809 2290 apud
826 2215 1021 2292 magistratum
1036 2227 1096 2272 erat
1110 2217 1170 2272 sine
1183 2215 1323 2291 imperio,
1342 2221 1389 2275 vel
1401 2219 1463 2275 offl-

417 2305 468 2377 eii,
485 2308 531 2362 vel
545 2307 693 2380 amicitia,
712 2326 771 2364 non
785 2305 889 2362 militiae
906 2326 997 2364 causa.

457 2400 533 2455 Neve
550 2399 608 2456 bi...
623 2399 766 2456 haberent.
781 2403 852 2456 ilem
872 2398 997 2456 dilucide
1014 2401 1055 2456 Cl.
1070 2400 1145 2458 Base
1163 2401 1285 2474 explieat
1305 2421 1312 2455 :
1332 2403 1400 2460 :Ut
1417 2421 1463 2458 re-

415 2503 562 2547 manerent
574 2492 605 2548 in
618 2491 699 2549 Italia
713 2491 844 2570 ingenui,
855 2492 906 2566 qui
917 2490 1023 2548 liberos
1036 2503 1237 2566 procrearent,
1255 2512 1347 2580 quupr
1366 2493 1463 2550 militi-

415 2585 470 2641 bus
483 2603 587 2642 uxores
601 2583 707 2642 ducere
725 2583 804 2641 haud
820 2581 925 2640 liceret.
948 2607 960 2634 s

455 2679 596 2734 Novarwn
615 2680 782 2734 tabularum.
804 2679 875 2748 Quae
889 2675 952 2731 lieri
975 2675 1159 2746 dicebantur,
1175 2677 1295 2751 quando
1316 2677 1464 2751 prioribus

415 2770 518 2826 debitis
531 2770 644 2826 abolitis
657 2770 779 2844 creditas
788 2787 851 2826 cum
865 2767 958 2824 usuris
970 2769 1107 2842 pecunias
1123 2767 1316 2824 creditoribus
1329 2787 1393 2824 non
1404 2771 1464 2826 sol-

414 2863 519 2918 vebant
537 2861 692 2918 debitores.

455 2957 649 3010 Nesaea-atum.
668 2955 757 3010 Vetus
773 2953 939 3024 inventurn,
953 2951 1068 3026 quoties
1080 2962 1200 3027 angusta
1216 2949 1288 3006 iides
1302 2963 1373 3006 erat
1389 2950 1464 3020 niv,

415 3066 458 3118 vr,
474 3045 511 3102 35
528 3065 535 3100 :
551 3045 699 3102 «Tribuni
719 3047 938 3122 promulgavere
956 3045 1033 3120 leges
1052 3063 1152 3100 omnes
1171 3043 1307 3100 adversus
1322 3061 1395 3117 opes
1407 3061 1465 3116 pa-

415 3139 565 3195 triciorum
582 3149 611 3194 et
629 3155 685 3213 pro
700 3137 859 3194 commodis
871 3135 964 3212 plebis
979 3155 987 3191 t
1001 3123 1087 3192 onim
1108 3135 1146 3192 de
1163 3153 1219 3192 are
1232 3135 1345 3206 alieno,
1363 3147 1396 3192 nt
1410 3134 1465 3194 de-

415 3231 503 3287 ducto
512 3249 548 3287 eo
556 3230 593 3288 de
601 3231 701 3306 ‘capite
718 3229 801 3306 qnod
814 3229 851 3286 de
865 3229 961 3286 usuris
972 3231 1207 3304 perbunseraturn
1225 3239 1313 3296 esset,
1333 3229 1365 3286 id
1379 3229 1464 3304 quod

414 3335 587 3399 superesset,
602 3324 725 3381 triennio
743 3323 832 3398 aquis
847 3323 1032 3398 portionibus
1045 3324 1265 3398 persolveretur.
1276 3345 1291 3371 υ

457 3417 593 3493 Collegae.
609 3415 1151 3487 anumsconsritutafuenmt‚1>1ut.,
1166 3416 1263 3480 Nam,
1280 3431 1468 3486 xvn13qunnr

414 3527 496 3580 vero,
513 3514 618 3585 magno
637 3507 802 3582 reipublicae
819 3506 1006 3578 detrimento,
1023 3507 1190 3581 frequenter
1213 3517 1303 3562 coetus
1323 3505 1469 3562 nodoso-

413 3619 476 3656 nnn
494 3601 642 3656 hominnm
657 3601 716 3656 sine
729 3600 843 3674 publica
858 3597 1153 3670 amtoritatelierent,
1167 3597 1286 3674 collegia
1304 3603 1338 3654 Δ.
1355 3599 1393 3654 U.
1406 3596 1468 3652 686

413 3693 523 3749 sublata
535 3705 600 3750 sunt
613 3702 716 3767 praeter
732 3711 824 3766 pauca
843 3703 929 3768 atque
942 3702 1026 3758 emta.
1037 3693 1157 3762 decom,
1172 3690 1201 3746 in
1216 3689 1285 3760 Cic,
1293 3707 1324 3763 p.
1338 3689 1409 3762 159.
1428 3689 1470 3742 Ea

413 3785 575 3840 restituerat
595 3788 624 3840 P.
644 3784 854 3841 Clodius-Cro.
871 3787 901 3839 in
922 3787 1000 3853 Pin,
1016 3784 1234 3858 1v3proSeaet„
1254 3801 1292 3837 n
1306 3792 1335 3838 et
1352 3799 1427 3836 xxv.

455 3878 632 3933 Focaeorum.
651 3877 775 3934 Maxime
789 3876 825 3933 de
842 3877 956 3934 sicariis

455 3967 623 4026 Pam'cs'das.
632 3971 730 4026 Festus
741 3988 748 4023 :
761 3994 773 4021 o
785 3970 930 4026 Parricida
944 3988 1003 4027 non
1013 3969 1114 4044 ntique
1127 3967 1166 4039 is,
1178 3967 1229 4043 qui
1242 3976 1399 4042 parentem
1415 3983 1473 4018 oc-

415 4059 539 4132 cidisset,
554 4061 719 4132 dicebatur,
735 4061 785 4118 sed
801 4065 1038 4136 qualemcumque
1049 4059 1202 4118 hominem.
1218 4059 1358 4114 ldantern
1377 4055 1476 4112 fuisse
