3114 5446
450 538 504 596 ,00
851 532 881 586 c.
900 527 1077 587 suutomr

447 663 557 750 tavit3
578 675 635 749 et,
665 656 891 728 custodiarum
920 655 1038 723 seriem
1066 675 1326 748 recognoscens,
1355 653 1458 726 nullius

449 783 600 876 inspecto
617 777 746 871 elogio,
764 790 855 844 stans
873 771 1106 842 tantummodo
1125 773 1212 842 intra
1229 774 1392 868 porticum
1407 801 1459 845 rne-

448 901 556 985 diam,
573 923 593 967 a
611 894 705 966 calvo
720 895 763 964 ad
780 891 911 964 calvum
928 893 1004 962 duci
1025 894 1209 987 imperavit.
1224 896 1349 963 Votum
1371 898 1460 990 exegit

449 1021 491 1090 ab
509 1043 570 1106 eo,
590 1017 647 1110 qui
666 1039 728 1109 pro
748 1012 852 1082 salute
872 1035 931 1082 sua
952 1009 1178 1106 gladiatoriam
1198 1035 1332 1106 operam
1351 1016 1459 1109 proni·

449 1152 554 1224 serat,
569 1135 796 1230 spectauitque
818 1131 907 1200 ferro
923 1130 1153 1219 dimicantem
1172 1155 1233 1200 nec
1251 1131 1392 1220 dimisit,
1409 1136 1461 1202 nisi

449 1259 627 1342 victorem,
647 1267 680 1321 et
696 1265 773 1344 post
789 1248 910 1318 multas
927 1273 1051 1343 preces.
1072 1247 1242 1338 Alterum,
1262 1251 1321 1344 qui
1337 1275 1370 1320 se
1385 1255 1463 1346 peri·

450 1393 564 1446 turum
579 1398 618 1442 ea
633 1371 674 1440 de
691 1393 789 1440 causa
805 1382 955 1454 voverat,
970 1382 1181 1437 cunctantem
1196 1371 1307 1463 pueris
1323 1370 1463 1458 tradidit;

450 1487 665 1566 uerbenatum
678 1487 935 1580 infulatumque,
949 1501 1064 1556 votum
1079 1503 1302 1582 reposcentes,
1318 1493 1465 1584 pervices

456 1625 606 1710 agerent,
619 1608 729 1704 quoad
743 1607 1004 1702 praecipitaretur
1018 1631 1058 1675 ex
1069 1629 1199 1700 aggere.
1211 1607 1336 1678 Multos
1349 1609 1467 1680 honesti

453 1734 599 1819 ordinis,
618 1729 820 1798 deformatos
839 1725 931 1820 prius
952 1725 1143 1818 stigmatum
1162 1727 1267 1815 notis,
1289 1726 1332 1794 ad
1351 1727 1469 1798 metalla

453 1867 487 1922 et
504 1849 706 1919 munitiones
724 1846 871 1929 viarum,
888 1857 947 1912 aut
960 1843 1003 1912 ad
1020 1839 1141 1912 bestias
1156 1843 1407 1934 condemnavit,
1424 1862 1473 1916 aut

452 1972 633 2040 bestiarum
648 1989 740 2035 more
752 1957 985 2058 quadrupedes
998 1987 1096 2031 cavea
1109 1965 1272 2053 coercuit,
1287 1979 1347 2034 aut
1360 1967 1472 2034 medios

454 2113 544 2159 serra
564 2085 738 2172 dissecuit3
762 2107 824 2151 nec
847 2105 960 2152 omnes
982 2081 1138 2174 gravibus
1161 2106 1201 2150 ex
1223 2083 1349 2172 causis,
1369 2108 1473 2152 verum

456 2205 542 2277 male
561 2205 602 2274 de
621 2227 758 2273 munere
778 2227 838 2271 suo
856 2203 1024 2294 opinatos,
1047 2198 1099 2268 vel
1117 2199 1207 2294 quod
1231 2227 1405 2296 nunquam
1424 2227 1477 2297 per

455 2327 587 2420 genium
613 2345 709 2392 suum
733 2321 943 2414 dejerassent.
972 2321 1128 2388 Parentes
1154 2317 1316 2413 supplicio
1341 2319 1478 2390 filiorum

456 2447 612 2513 interesse
639 2440 789 2535 cogebat.
809 2439 964 2528 Quorum
987 2439 1045 2508 uni
1066 2436 1288 2507 valetudinem
1317 2442 1482 2510 excusanti

456 2561 606 2632 lecticam
625 2561 733 2645 misit3
753 2556 856 2627 alium
876 2581 895 2626 a
915 2556 1104 2651 spectaculo
1121 2581 1226 2650 poenae
1245 2556 1356 2652 epulis
1378 2560 1483 2628 statim

455 2681 619 2769 adhibuit,
629 2671 728 2772 atqu'e
736 2679 828 2746 omni
839 2678 993 2746 comitate
1001 2675 1042 2744 ad
1053 2676 1251 2745 hilaritatem
1261 2691 1293 2746 et
1300 2679 1401 2770 jocos
1417 2703 1487 2771 pro·

455 2802 595 2870 vocavit.
612 2801 807 2869 Curatorem
826 2809 1001 2866 munerum
1017 2820 1057 2865 ac
1077 2797 1308 2883 venationum,
1331 2823 1398 2891 per
1415 2821 1489 2866 con·

456 2921 567 2986 tinuos
588 2917 656 2986 dies
680 2919 713 2984 in
738 2930 915 3008 conspectu
938 2939 998 2983 suo
1017 2917 1141 2983 catenis
1163 2916 1404 3002 verberatum,
1428 2940 1490 2983 uon

457 3038 549 3129 prius
570 3035 710 3122 occidit,
733 3057 833 3128 quam
858 3033 1003 3102 offensus
1027 3011 1202 3127 putrefacti
1224 3035 1359 3104 cerebri
1383 3035 1495 3104 odore.

458 3153 613 3224 Atellanae
635 3169 788 3247 poetam,
809 3152 853 3220 oh
877 3153 1022 3246 ambigui
1046 3153 1113 3245 joci
1138 3151 1370 3244 versiculum,
1393 3153 1500 3224 media

458 3273 690 3366 amphitheatri
710 3296 811 3340 arena
835 3273 904 3365 igni
929 3273 1095 3340 cremavit.
1117 3275 1272 3366 Equitem
1291 3299 1500 3358 romanum,

458 3392 623 3484 objectum
641 3391 739 3475 seris,
757 3415 861 3484 quum
879 3415 914 3458 se
935 3391 1145 3460 innocentem
1163 3391 1437 3486 proclamasset,
1459 3418 1506 3461 re·

459 3513 572 3598 duxit3
591 3511 782 3603 abscisaque
800 3509 933 3603 lingua,
951 3533 1065 3580 rursus
1084 3509 1223 3579 induxit.

506 3633 661 3699 xxvltl.
682 3633 885 3698 Revocatum
898 3629 1074 3720 quemdam
1090 3653 1110 3698 a
1125 3645 1235 3699 vetere
1250 3632 1384 3702 exsilio
1402 3635 1511 3703 scisci-

460 3763 565 3837 tatus,
589 3748 745 3840 quidnam
767 3749 812 3816 ibi
838 3747 945 3818 facere
971 3766 1179 3838 consuesset,
1205 3753 1454 3845 respondente
1478 3777 1515 3820 eo

460 3891 518 3961 per
535 3865 772 3955 adulationem,
789 3896 805 3931 ιι
819 3871 906 3936 Deos
920 3891 1048 3962 semper
1061 3871 1169 3955 oravi,
1184 3885 1238 3955 ut,
1252 3873 1360 3964 quod
1381 3875 1515 3957 evenit,

460 3989 582 4080 periret
598 3989 770 4076 Tiberius,
790 4003 822 4056 et
843 4003 878 4057 tu
897 3989 1092 4084 imperares;
1110 4019 1127 4055 »
1147 3993 1315 4084 opinans,
1341 3997 1417 4064 sihi
1437 4021 1522 4090 quo·

459 4129 523 4196 que
540 4105 667 4175 exsules
686 4130 761 4175 suos
780 4109 921 4176 mortem
939 4110 1130 4203 imprecari,
1147 4111 1236 4178 misit
1253 4114 1408 4186 circum
1426 4117 1522 4186 insu·
