3168 5440
491 537 531 592 IN
554 537 584 592 C.
607 539 633 594 J.
656 537 853 594 ementem.
1140 539 1191 596 151

185 649 285 704 Multis
301 649 431 722 partebus
457 650 517 724 ipsi
531 652 692 723 pauciores.
720 650 785 706 Scil.
811 649 903 706 multo
932 647 987 723 ipsi
1013 649 1163 723 pauciores
1188 673 1194 706 :
1249 639 1275 666 ²

147 739 204 794 Cic.
223 740 266 794 ad
284 741 384 807 Fam„
404 761 432 811 r,
454 759 470 796 a
491 761 497 794 :
521 744 577 798 nln
598 742 745 798 Hortensii
766 741 934 798 sententiam
951 742 1044 798 metris
1061 745 1195 817 partibus·

145 833 244 905 plures
256 832 384 888 ituros.»

188 924 294 980 Scoeva.
310 925 401 994 Cesar
416 926 467 984 ubi
477 945 540 1000 sup.
561 946 568 982 t
585 927 752 1002 «scutoque
762 926 879 1004 adeum
900 929 992 984 relato
1012 927 1112 986 Scaeve
1132 949 1194 986 cen-

145 1015 280 1088 turionis,
302 1018 417 1074 iuventa
434 1029 500 1074 sunt
517 1019 547 1073 in
567 1037 602 1074 eo
620 1019 759 1090 iormnina
778 1029 891 1075 centum
911 1029 940 1074 et
962 1018 1099 1096 viginti.»
1120 1022 1194 1079 Vide

144 1110 251 1180 Fron,
265 1127 306 1182 tv,
321 1113 478 1181 ²3V1m·
497 1114 592 1182 Mem,
608 1131 667 1181 ιιι,
686 1130 714 1180 a,

183 1205 321 1259 Acilius...
339 1204 432 1260 obvios
450 1223 548 1279 agens.
565 1207 660 1261 Valer.
676 1207 769 1276 Mam,
783 1225 834 1276 nr,
851 1223 887 1260 2:
902 1205 1030 1261 «Acilius
1039 1227 1129 1284 quum
1146 1210 1193 1265 de

142 1293 221 1350 cimae
240 1295 361 1372 legionis
369 1297 449 1352 miles
467 1316 523 1370 pro
537 1297 567 1352 C.
585 1297 701 1356 Gesseris
713 1297 845 1374 partibus
857 1297 998 1358 maritima
1005 1318 1103 1378 pugna
1112 1321 1193 1375 proe-

139 1388 273 1459 liaretur,
283 1389 390 1444 abscisa
409 1389 526 1460 dextra,
545 1409 630 1463 quam
649 1391 867 1447 Massiliensium
881 1392 947 1445 navi
966 1390 1190 1463 injecerantaeva

139 1480 264 1552 puppim
283 1481 488 1554 apprehendit,
511 1501 564 1537 uec
588 1493 655 1538 ante
677 1483 811 1538 dimicare
834 1483 955 1553 destitit,
975 1501 1061 1556 quam
1080 1498 1191 1562 septam

138 1569 289 1644 profundo
309 1584 459 1649 mergeret.
477 1597 489 1624 s

181 1665 249 1721 cn.
267 1667 374 1722 Lxlx.
401 1669 488 1741 Apud
508 1668 697 1722 Placentiam
715 1670 749 1722 A.
769 1669 804 1723 U.
826 1665 891 1738 705.
908 1669 1024 1742 Deque
1051 1669 1190 1734 seditione

139 1757 210 1812 nihil
224 1757 316 1813 Caesar
329 1757 359 1812 in
376 1759 605 1826 commenmen-
615 1759 704 1814 mnlta
713 1759 784 1828 nio,
799 1778 864 1832 nm,
882 1760 1000 1833 passim,
1010 1771 1038 1817 et
1049 1764 1190 1837 Appiam,

138 1853 213 1906 Bell.
225 1850 281 1906 civ.
289 1890 299 1916 ,
314 1870 351 1921 u,
373 1860 418 1922 47.

179 1944 246 2000 Cn.
265 1944 358 2002 Lxx.
376 1947 563 2000 Decumonos.
583 1946 618 2000 H.
635 1964 658 2000 e.
673 1943 790 2000 decimae
806 1943 926 2020 legionis
940 1945 1051 2002 milites.

178 2039 289 2094 Rome.
308 2041 384 2094 Ante
402 2039 508 2093 bellum
527 2037 700 2107 africanum,
714 2040 748 2093 A.
764 2039 799 2093 U.
817 2055 882 2108 707·

178 2132 277 2207 Neque
284 2133 375 2196 odim.
388 2129 529 2204 Appiam,
545 2131 618 2184 Bell.
635 2130 706 2197 Cin,
728 2148 768 2200 11,
783 2149 813 2202 p.
835 2127 891 2196 486
908 2148 915 2182 :
931 2140 1018 2200 Λύτοῖς
1039 2143 1075 2192 (τι
1086 2141 1188 2192 στασιά-

136 2234 216 2292 ζουσιν
238 2236 260 2294 t<
276 2225 397 2304 τὸᾸριιον
414 2228 501 2284 nudior
517 2234 612 2289 Ιπῆλθι.

178 2319 244 2372 Una
266 2336 344 2373 voce.
364 2316 550 2372 Gennanicus
567 2315 605 2371 ad
625 2315 743 2386 milites,
764 2315 794 2370 in
816 2315 922 2383 Tacit,
940 2319 1062 2382 Annei,
1079 2335 1104 2386 1,
1126 2325 1185 2381 [με

133 2433 145 2456 ι
159 2410 252 2466 Divus
270 2410 363 2466 Iulias
381 2409 551 2465 seditionem
568 2407 710 2464 exercitus
727 2409 818 2462 verbo
830 2426 891 2462 uno
907 2407 1097 2480 compescuit,
1116 2411 1185 2481 Qui-

134 2505 203 2557 rites
218 2503 353 2558 vocando
368 2501 419 2576 qui
437 2511 645 2556 sacramentum
659 2501 721 2572 ejus
736 2499 942 2554 detrectabant.
958 2524 970 2550 n
1049 2539 1050 2544 η

175 2595 244 2652 ct».
252 2596 361 2652 LXXI.
375 2593 559 2650 Masintham.
570 2593 623 2650 Hie
632 2591 775 2647 Masintha
785 2610 803 2646 e
817 2591 894 2666 regia
908 2589 997 2664 stirpe
1011 2603 1092 2647 ortus
1101 2591 1185 2649 baisse

133 2687 248 2744 ridetur
266 2707 273 2742 ε
289 2679 377 2761 quem
395 2705 485 2760 quum
501 2685 646 2758 Hiempsal
663 2683 790 2757 pendere
799 2681 940 2755 stipendia
952 2681 1082 2753 juberet,
1098 2702 1131 2740 re
1148 2682 1185 2738 ad

130 2790 262 2836 senatum
280 2780 389 2846 delata,
407 2777 550 2833 Masintba
569 2779 691 2832 Romam
705 2775 791 2831 venit.
812 2776 957 2847 Hiempsal
970 2771 1059 2828 filium
1081 2774 1183 2829 Iubam
1199 2827 1204 2842 ,
1255 2795 1260 2804 ·

130 2872 228 2928 nisit:
248 2872 289 2927 ibi
306 2881 372 2946 post
388 2887 519 2948 magnam
534 2868 748 2926 contentionem
758 2867 826 2923 vicit
836 2865 952 2922 tandem
966 2865 1057 2933 lube,
1074 2875 1102 2920 et
1115 2868 1181 2921 Ma-

129 2965 239 3036 sintba,
258 2965 381 3022 multum
403 2965 508 3020 frustra
529 2963 669 3018 renitente
688 2961 808 3030 Caesare,
823 2957 1026 3032 pronuntiatus
1044 2966 1085 3012 est
1103 2958 1183 3013 lube

128 3057 351 3132 stipendiarius,
370 3057 389 3112 i.
410 3075 435 3112 e.
441 3099 449 3127 ,
460 3056 511 3130 qui
521 3055 606 3111 certis
624 3053 803 3128 temporibus
814 3048 969 3124 Hiempsali
986 3049 1096 3105 tribute
1113 3068 1183 3122 pen—

129 3152 221 3211 deret.

169 3245 414 3318 Prosequcntium.
437 3241 590 3300 Praetorem
614 3240 811 3307 eonsulemve,
832 3255 897 3292 cum
915 3233 1038 3307 imperio
1060 3232 1181 3308 profici-

126 3348 254 3394 scentem
262 3381 270 3407 ,
286 3336 488 3392 comitantibus
502 3333 653 3390 lictoribus
667 3332 781 3386 clientes
798 3329 937 3402 amicique
953 3327 1091 3401 prosequi
1104 3329 1181 3384 sole-

125 3433 207 3488 bant.
221 3431 302 3500 Liv.,
320 3449 400 3499 xm,
416 3437 453 3503 49
464 3449 471 3482 z
481 3430 557 3482 «Per
574 3428 627 3481 hos
636 3425 712 3480 forte
722 3423 835 3492 dies,P.
844 3420 971 3476 Licinius
981 3420 1181 3489 consul,votis

126 3525 156 3580 in
166 3523 313 3598 Capitolio
327 3521 516 3594 nuncupatis,
531 3519 684 3593 paludatus
702 3516 739 3572 ab
749 3515 828 3572 Urbe
839 3513 986 3588 proiectus
999 3521 1049 3568 est.
1062 3513 1180 3591 Smper

126 3617 247 3691 quidem
261 3633 350 3671 eares
366 3631 431 3670 cum
441 3630 543 3688 magna
560 3610 698 3686 dignitate
711 3607 894 3678 etmajestate
904 3605 1027 3680 geritur,
1036 3601 1179 3676 precipue

126 3721 223 3766 tamen
238 3707 381 3764 convertit
395 3707 495 3762 oculos
505 3704 685 3776 animosque,
695 3719 784 3774 quum
799 3699 837 3754 ad
850 3715 984 3772 magnum
995 3693 1179 3768 nobilemque

124 3812 176 3857 aut
188 3802 310 3868 virtute,
319 3809 369 3854 aut
385 3799 472 3868 lama,
486 3807 536 3853 aut
547 3797 663 3850 fortuna
677 3793 788 3847 bostem
798 3801 912 3845 cuntem
923 3787 1067 3844 consulem
1081 3803 1179 3859 prose·

123 3905 380 4043 qugiiirllllllll.
403 3986 611 4040 cainaeorum.
633 3981 668 4036 II.
687 3997 711 4034 e.
734 3994 835 4032 eorum
850 3973 902 4048 qui
921 3971 1026 4028 caedem
1048 3971 1174 4040 molism-

120 4091 188 4150 tur,
202 4081 249 4134 vel
267 4097 303 4135 ex
318 4077 440 4134 libidine
453 4078 499 4131 vel
514 4083 636 4148 propter
650 4069 774 4145 premia.

167 4175 237 4230 Cer.
252 4172 388 4228 LXXIII.
411 4170 541 4240 Excepit.
557 4167 592 4220 H.
613 4183 636 4218 e.
657 4161 789 4234 suscepit.
