3114 5446
413 503 469 563 unt
819 497 849 552 C.
872 497 1046 554 stttttotttt

414 622 534 692 catoris
553 619 640 692 ultro
660 621 956 716 procucurrissent.
981 621 1068 690 Nam
1090 617 1172 689 illud
1190 641 1324 688 omnem
1343 617 1439 686 fidem

413 744 600 829 excesserit,
623 741 712 836 quod
735 741 875 835 nuptiis,
899 763 981 834 quas
997 737 1175 810 Messalina
1197 763 1273 808 cum
1291 735 1440 808 adultero

413 860 496 931 Silio
517 862 653 948 lecerat,
683 859 817 932 tabellas
840 859 926 930 dotis
947 837 981 928 el
1010 859 1079 952 ipse
1103 857 1368 952 consignaverit;
1392 857 1441 924 in-

411 980 544 1066 ductus,
560 981 654 1075 qussi
671 979 712 1050 de
731 978 893 1062 industria
904 977 1150 1064 simularentur,
1164 973 1204 1046 ad
1223 974 1439 1046 tremendum

412 1097 740 1195 transferendumque
764 1096 965 1194 periculum,
989 1095 1080 1194 quod
1103 1095 1275 1166 imminere
1295 1095 1357 1190 ipsi
1380 1119 1441 1190 per

411 1217 560 1312 qnmdam
576 1233 706 1290 ostenta
724 1217 984 1313 portenderetur.

459 1341 568 1408 XXX.
592 1324 781 1408 Auctoritas
801 1337 1009 1432 dignitasque
1032 1335 1145 1405 forma·
1167 1359 1234 1410 non
1259 1333 1363 1404 delusit
1387 1331 1437 1402 vel

409 1457 521 1546 stanti,
540 1456 592 1526 vel
612 1456 754 1542 sedenti,
771 1481 810 1526 ac
825 1457 990 1550 praecipue
1002 1455 1193 1549 quiescenti.
1211 1456 1296 1524 Nem
1314 1467 1348 1523 et
1362 1478 1440 1547 pro-

410 1575 491 1663 lixo,
510 1601 571 1646 nec
589 1575 680 1662 exili,
699 1600 839 1670 corpore
853 1584 952 1662 'erat;
976 1589 1010 1644 et
1032 1574 1139 1668 specie
1160 1575 1344 1666 canitieque
1362 1571 1438 1667 pul·

408 1695 504 1782 chra,
518 1695 637 1790 opimis
651 1695 841 1764 cervicibus.
859 1697 1015 1766 Ceterum
1030 1707 1063 1762 et
1081 1691 1321 1788 ingredientem
1339 1691 1440 1760 desti-

410 1815 547 1884 tuebant
566 1812 706 1910 poplites
725 1814 834 1884 minus
853 1813 955 1900 lirmi,
975 1827 1009 1882 et
1026 1813 1159 1882 remisse
1178 1811 1259 1906 quid
1276 1810 1326 1880 vel
1351 1811 1438 1881 serio

410 1948 561 2029 agentem
580 1933 684 2004 multa
704 1931 987 2002 dehonestabant:
1007 1934 1093 2002 risus
1107 1930 1279 2020 indecens3
1299 1933 1348 2000 ira
1369 1947 1439 2000 tur-

411 2055 500 2148 pior,
531 2067 706 2148 spumante
733 2053 834 2140 rictu,
862 2051 1076 2122 humentibus
1100 2051 1255 2138 naribus3
1280 2065 1439 2146 preterea

413 2171 532 2266 liuguae
559 2171 749 2259 titubantia,
780 2186 959 2266 caputque,
989 2195 1094 2266 quum
1126 2194 1270 2265 semper,
1299 2184 1373 2240 tum
1403 2173 1438 2239 in

412 2289 714 2386 quantulocumque
732 2305 808 2360 actu
828 2290 878 2360 vel
896 2292 1038 2360 maxime
1057 2274 1244 2360 tremulum.

454 2413 578 2480 XXXI.
598 2407 797 2480 Valetudine
809 2409 895 2480 sicut
906 2409 984 2480 olim
1003 2411 1113 2505 gravi,
1133 2411 1178 2480 ita
1193 2410 1346 2504 princeps
1362 2435 1439 2504 per-

409 2555 564 2627 prospera
582 2555 660 2602 usus
675 2545 739 2619 est,
755 2545 891 2626 excepto
908 2531 1070 2602 stomachi
1086 2529 1214 2619 dolore,
1229 2554 1296 2624 quo
1313 2555 1347 2599 se
1362 2555 1438 2600 cor·

410 2667 543 2746 raptum
556 2652 654 2722 etiam
670 2650 710 2722 de
727 2650 957 2722 consciscenda
971 2665 1079 2722 morte
1096 2651 1254 2746 cogitasse
1271 2649 1364 2720 dixit.

455 2774 597 2842 XXXII.
616 2771 777 2842 Convivia
792 2771 926 2866 agitavit
942 2785 975 2840 ot
987 2768 1097 2865 ampla
1108 2785 1142 2840 et
1154 2770 1302 2856 assidue,
1317 2795 1356 2841 ac
1370 2771 1440 2840 lere

410 2891 642 2986 patentissimis
662 2889 757 2987 locis,
779 2904 816 2959 ut
833 2889 1029 2984 plerumque
1047 2891 1232 2960 sexcenteni
1254 2889 1351 2960 simul
1369 2889 1439 2960 dis·

408 3011 609 3080 cumbereut
627 3011 830 3080 Convivatus
851 3025 900 3080 est
921 3025 954 3080 et
973 3033 1073 3104 super
1092 3010 1295 3080 emissarium
1318 3011 1441 3080 Fucini

410 3129 516 3214 lacus,
538 3154 577 3200 ac
596 3153 687 3224 pscne
707 3153 921 3220 summersus,
947 3155 1051 3224 quum
1069 3131 1185 3200 emisso
1204 3131 1329 3229 impetu
1350 3155 1441 3224 aqua

409 3249 632 3320 redundasset.
650 3249 835 3320 Adhibebat
852 3251 943 3322 omni
961 3275 1061 3320 coense
1076 3265 1109 3320 et
1127 3248 1248 3320 liberos
1265 3273 1340 3320 suos
1359 3276 1440 3320 cum

410 3369 521 3464 pueris
546 3366 726 3463 puellisque
750 3367 933 3458 nobilibus,
955 3371 1013 3464 qui
1032 3395 1126 3440 more
1143 3372 1247 3440 veteri
1268 3368 1310 3440 ad
1329 3369 1442 3442 fulcra

410 3488 569 3558 lectorum
590 3486 748 3558 sedentes
774 3493 993 3559 vescerentur.
1027 3491 1204 3576 Convivae,
1237 3491 1294 3584 qui
1328 3491 1442 3584 pridie

410 3608 568 3704 scyphum
585 3633 721 3678 aureum
739 3609 935 3703 surripuisse
952 3609 1216 3700 existimabatur,
1229 3625 1385 3679 revocato
1404 3616 1441 3680 in

408 3727 495 3798 diem
512 3743 694 3822 posterum,
712 3727 844 3798 calicem
865 3727 1000 3798 fictilem
1015 3731 1178 3824 apposuit.
1193 3731 1323 3800 Dicitur
1337 3732 1441 3800 etiam

410 3848 583 3918 meditatus
593 3847 752 3938 edictum,
770 3875 860 3943 aquo
869 3850 996 3920 reniam
1009 3848 1117 3938 daret,
1132 3849 1245 3920 ilatum
1256 3851 1442 3945 crepitum-

413 3991 478 4059 que
498 3969 621 4038 ventris
642 3968 677 4036 in
701 3969 854 4038 convivio
879 3967 1070 4056 emittendi;
1089 3999 1106 4034 s
1129 3995 1253 4063 quum,
1273 3969 1444 4063 periclita-

410 4099 481 4156 tum
498 4087 672 4182 quemdam
699 4111 766 4181 prae
784 4087 911 4182 pudore
927 4113 967 4158 ex
985 4091 1211 4178 continentia,
1222 4091 1415 4186 reperisset
