3098 5446
575 487 693 552 OTHO·
1129 486 1165 542 al

126 612 206 682 dans
225 611 380 708 reliquias
402 629 529 700 suaset
548 614 755 684 memoriam.
769 612 941 708 Quicquid
960 611 1078 706 deinde
1096 613 1167 708 epi-

93 732 283 806 ..stolarum
300 751 394 824 erat,
411 761 453 818 ne
472 736 527 822 cui
548 734 698 832 periculo
717 751 776 806 aut
791 761 887 806 noxa
901 735 992 832 apud
1008 737 1168 828 victorem

124 856 251 946 forent,
272 857 507 939 concremavit.
527 857 651 930 Divisit
674 871 708 928 ct
728 857 887 952 pecunias
907 855 1099 926 domesticis
1126 881 1168 926 ex

123 977 214 1073 mpla
232 980 397 1074 prmsenti.
639 1081 641 1086 Ι
774 1038 804 1097 s
1075 1061 1079 1068 4
1116 1055 1119 1063 4

169 1102 232 1170 x1.
253 1102 364 1196 Atque
384 1101 430 1172 ita
449 1115 603 1196 paratus,
630 1102 845 1195 intentusque
869 1101 940 1195 jam
965 1101 1082 1188 morti,
1112 1115 1168 1169 tu·

22 1308 26 1319 .
126 1219 232 1292 multu
254 1223 341 1292 inter
356 1246 468 1292 moras
482 1236 616 1311 exorto,
633 1237 672 1292 ut
686 1245 757 1311 eos,
775 1223 834 1316 qui
848 1221 1018 1294 discedere
1032 1235 1065 1292 et
1079 1222 1170 1292 abire

23 1340 28 1437 Ἰ
127 1342 337 1438 coeptabant,
353 1345 479 1438 corripi
496 1345 592 1437 quasi
608 1342 814 1431 desertores,
829 1343 1039 1438 detinerique
1052 1345 1169 1430 sensit,

125 1462 375 1558 «adjiciamus,
385 1493 403 1530 a
418 1454 544 1560 inquit,
558 1465 660 1560 «vitre
678 1479 713 1534 et
726 1466 814 1534 hanc
828 1479 978 1552 noctem,
990 1491 1006 1529 s
1019 1464 1073 1550 ¹his
1090 1464 1169 1559 ipsis

126 1584 332 1678 totidemque
350 1585 459 1656 verbis
477 1609 486 1654 t
504 1585 693 1679 vetuitque,
714 1587 782 1654 vim
799 1587 961 1680 cuiquam
974 1585 1063 1675 lieri3
1081 1599 1114 1654 et
1135 1586 1170 1654 in

6 1697 10 1773 ¹.
124 1729 232 1774 serum
250 1729 357 1799 usque
375 1718 509 1800 patente
530 1704 704 1794 cubiculo,
723 1708 750 1775 si
769 1707 844 1800 quis
865 1706 957 1775 adire
977 1705 1089 1792 vellet,
1110 1731 1170 1801 po·

5 1800 11 1916 4
53 1913 57 1921 q
127 1839 276 1894 testatem
295 1825 347 1894 sui
368 1825 522 1921 praebuit.
543 1829 622 1895 Post
640 1826 705 1896 hoc
726 1825 839 1896 sedata
858 1827 911 1896 siti
933 1824 1049 1922 gelidae
1077 1851 1171 1922 aquae

58 1926 65 1959 ³*
127 1947 283 2040 potione,
299 1947 443 2040 arripuit
458 1946 543 2026 duos
558 1948 740 2042 pugiones,
760 1961 793 2016 et
810 1945 980 2042 explorata
997 1944 1171 2042 utriusque

4 2049 5 2052 Ἴ
127 2067 212 2154 acie,
228 2091 335 2160 quum
349 2065 493 2136 alterum
507 2065 648 2162 pulvino
661 2065 876 2155 subdidisset,
892 2067 1020 2138 loribus
1035 2068 1172 2163 adaper-

124 2187 166 2256 tis
182 2187 351 2256 artissimo
368 2211 487 2257 somam
504 2188 641 2282 quievit
662 2191 704 2258 Et
722 2189 811 2258 circa
831 2186 939 2258 lucem
958 2188 1093 2258 demum
1114 2215 1171 2258 ex·

123 2307 348 2405 pergefactus,
369 2332 438 2378 uno
457 2331 492 2378 se
510 2308 641 2403 trajecit
660 2309 727 2377 ictu
746 2308 832 2378 infra
851 2306 967 2379 laevam
986 2307 1169 2404 papillam:

78 2450 81 2461 ⁴
127 2428 458 2524 irrumpentibusque
480 2429 523 2498 ad
546 2430 693 2524 primum
712 2431 893 2526 gemitum,
914 2429 1016 2502 modo
1041 2428 1170 2515 celans,

1 2573 2 2640 3
70 2565 75 2575 '
124 2547 225 2618 modo
253 2547 408 2645 detegens
431 2548 588 2646 plagam,
615 2550 822 2618 exanimatus
852 2563 920 2634 est,
952 2564 985 2618 et
1019 2549 1172 2618 celeriter

69 2727 83 2769 4
124 2668 219 2763 (nam
245 2669 293 2738 ita
322 2668 545 2765 preceperat)
574 2669 768 2756 funeratus,
797 2670 966 2738 tricesimo
992 2683 1171 2760 etinctavo

81 2800 87 2839 ²
123 2791 227 2860 etatis
243 2813 353 2879 anno,
370 2805 404 2860 et
430 2790 646 2884 nonagesimo
660 2805 694 2860 et
713 2790 833 2884 quinto
849 2789 980 2885 imperii
997 2789 1060 2859 die.

56 2887 66 2912 ⁸
169 2911 250 2981 Xll.
270 2913 381 2982 Tanto
403 2911 548 2982 Othonis
558 2912 672 2981 animo
683 2935 895 3006 nequaquam
908 2927 1099 3006 corpusaut
1111 2912 1170 2980 lra-

121 3033 212 3103 bitus
226 3032 410 3128 competiit.
425 3033 541 3102 Fuisse
554 3033 643 3101 enim
659 3030 805 3100 traditur
819 3045 853 3102 et
864 3030 1003 3101 modicae
1013 3046 1170 3122 staturae,

121 3167 154 3222 et
173 3151 264 3223 male
284 3151 424 3248 pedatus
446 3151 666 3246 scambusque
686 3177 694 3220 s
716 3150 958 3222 munditiarum
980 3177 1061 3221 vero
1079 3177 1172 3247 paene

44 3309 84 3358 s.
123 3273 360 3363 muliebrium,
385 3271 483 3343 vulso
510 3297 672 3368 corpore,
698 3269 880 3368 galericulo
907 3274 1008 3368 capiti
1036 3289 1173 3370 propter

82 3423 88 3441 *
123 3397 295 3466 raritatem
310 3391 510 3489 capillorum
523 3393 683 3489 adaptato
697 3407 731 3462 et
745 3416 893 3480 annexo,
907 3407 946 3462 ut
964 3419 1063 3462 nemo
1077 3395 1172 3464 dino-

1 3568 2 3578 ,
53 3588 55 3594 s
79 3498 94 3626 ‘k'
125 3532 233 3586 sceret
248 3542 258 3587 ε
274 3515 356 3610 quin
371 3514 537 3586 etfaciam
551 3514 701 3610 quotidie
716 3515 869 3602 rasitare,
886 3540 925 3584 ac
939 3540 1025 3610 pane
1039 3515 1172 3586 madido

0 3621 1 3624 ¹
125 3635 228 3708 linere
241 3651 439 3707 consuetum
454 3662 462 3706 :
477 3635 578 3730 idque
593 3636 805 3705 instituissea
822 3637 926 3730 prima
943 3635 1117 3732 lanugine,
1131 3662 1173 3706 ne

63 3695 105 3911 22
128 3758 288 3828 barbatus
303 3782 452 3853 unquam
469 3771 572 3826 esset:
589 3781 681 3826 sacra
696 3757 796 3826 etiam
811 3755 908 3824 Isidis
922 3781 1007 3851 saepe
1022 3757 1056 3826 in
1072 3755 1173 3826 lintea

30 3892 34 3900 '
88 3906 114 4015 q
130 3877 348 3974 religiosaque
364 3893 454 3948 veste
473 3875 647 3974 propalam
666 3875 858 3947 celebrasse.
878 3879 943 3945 Per
958 3901 1031 3970 quae
1047 3876 1171 3947 lactum

86 4015 113 4110 :j
134 4014 266 4093 putem,
284 4014 324 4069 ut
341 4023 432 4070 mors
452 3999 541 4094 ejus,
570 3999 707 4068 minime
728 4021 916 4094 congruens
935 3997 1031 4083 vitre,
1053 3997 1172 4090 majori

137 4119 290 4191 miraculo
305 4117 414 4191 bresit.
432 4118 532 4189 Multi
548 4119 760 4216 praesentium
775 4116 920 4188 militum
935 4142 1010 4188 cum
1027 4116 1172 4212 plurimo

86 4494 91 4500 .
99 4510 113 4529 ,ν

95 4536 126 4597 ‘l

125 4576 131 4596 S
141 4584 146 4592 ι

96 4587 124 4646 a,

116 4703 138 4761 ,·

97 4908 115 4984 ζ.
