3138 5438
436 509 622 568 OCTAVIUS
635 513 835 570 AUGUSTUS.
1109 510 1143 580 57

119 639 284 728 salutato,
302 641 394 711 hunc
413 641 590 711 foedissimo
604 645 753 712 convicio
767 669 879 714 coram
900 641 1142 738 prosciderunt.

120 761 252 828 Partitis
271 775 349 855 post
365 761 541 830 victoriam
559 761 695 850 officiis,
721 787 825 856 quum
844 764 1006 833 Antonius
1024 763 1142 831 Orien-

119 893 182 948 tem
198 877 445 967 ordinandum,
460 879 531 972 ipse
549 893 721 949 veteranos
738 881 773 948 iu
796 880 925 950 Italiam
938 881 1142 951 reducendos

118 1013 150 1066 et
163 996 423 1092 municipalibus
443 999 530 1092 agris
543 997 751 1068 collocandos
763 1025 859 1096 recep
864 1002 955 1087 isset3
973 1025 1078 1094 neque
1091 1025 1142 1070 ve·

118 1134 310 1188 teanorum
335 1139 444 1210 neque
459 1141 682 1210 possessorum
703 1120 843 1214 gratiam
865 1122 990 1207 tenuit;
1009 1119 1138 1208 alteris,
1228 1139 1231 1146 ’

116 1237 189 1332 pelli
205 1262 265 1321 se,
286 1233 418 1322 alteris,
433 1259 500 1306 uon
520 1261 582 1330 pro
607 1261 666 1331 spe
682 1241 876 1308 meritorum
891 1241 1047 1328 tractari,
1063 1263 1140 1332 que·

118 1358 276 1425 rentibus.

161 1475 255 1541 xlv.
281 1474 363 1564 Quo
382 1487 530 1568 tempore
548 1477 588 1544 L.
604 1475 804 1563 Antonium,
820 1475 942 1545 fiducia
957 1473 1145 1544 consulatus

116 1615 214 1684 quem
232 1593 384 1686 gerebat,
401 1617 439 1663 ac
456 1593 609 1664 fraternae
627 1595 798 1686 potentias,
818 1617 869 1661 res
889 1617 989 1662 novas
1008 1592 1145 1663 molieu·
1245 1673 1256 1684 ,ι

116 1724 200 1795 tem,
215 1709 397 1806 contingere
411 1712 580 1780 Perusiam
597 1712 724 1805 coegit,
738 1725 772 1780 et
785 1711 828 1780 ad
844 1711 1043 1780 deditionem
1060 1711 1146 1780 fame

117 1825 295 1921 compulit3
316 1853 384 1897 nou
408 1843 518 1897 tamen
542 1829 612 1898 sine
635 1830 764 1923 magnis
787 1829 853 1898 suis
873 1843 906 1897 et
926 1845 1003 1897 aute
1022 1827 1145 1898 bellurn

116 1963 146 2016 et
157 1949 193 2016 in
204 1945 296 2016 bollo
308 1947 564 2018 discriminibus.
578 1949 780 2044 Numquam
793 1948 981 2042 spectaculo
993 1948 1145 2018 ludorum

117 2067 306 2161 gregarium
316 2065 514 2154 militem,iu
524 2067 773 2160 quatuordecim
784 2066 956 2138 ordinibus
966 2068 1146 2154 sedentem,

116 2187 253 2254 excitari
268 2209 329 2279 per
339 2187 560 2280 apparitorem
571 2187 735 2280 jussisset,
748 2211 882 2256 rumore
894 2188 936 2256 ab
949 2187 1146 2256 obtrectato-

116 2305 207 2374 ribus
217 2303 438 2398 dilato,quasi
450 2305 600 2375 eumdem
612 2329 689 2374 mox
699 2305 974 2378 etdiscruciatum
986 2322 1146 2391 necasset3

117 2401 294 2494 mirrimiim
316 2423 440 2510 abtauit,
455 2425 536 2516 quin
553 2425 674 2518 periret
691 2449 855 2496 concursu
872 2440 905 2494 ct
922 2425 1148 2519 indignatione

117 2543 219 2612 trarbae
243 2541 408 2611 militaris.
434 2541 540 2612 Saluti
563 2543 644 2630 trit,
669 2543 776 2637 quod,
798 2545 856 2637 qui
883 2543 1146 2631 desiderabatur,

117 2675 251 2756 repente
266 2662 454 2754 comparuit
469 2660 644 2730 incolumis
657 2687 695 2730 ac
707 2663 778 2730 siae
792 2663 921 2754 injuria.
938 2663 1033 2734 Circa
1049 2686 1148 2756 peru-

116 2781 224 2849 sinum
242 2793 358 2848 autem
377 2803 509 2852 murum
523 2779 729 2868 sacrificans,
743 2805 837 2873 paena
844 2782 1046 2872 interceptus
1063 2794 1113 2848 est
1129 2803 1148 2848 a

117 2923 217 2970 mnu
235 2897 551 2993 gladiatorumque
568 2898 691 2993 oppido
709 2914 874 2992 eruperat.

160 3021 238 3090 XV.
265 3017 402 3088 Perusia
418 3029 532 3112 capta,
550 3018 585 3086 in
604 3015 766 3111 plurimos
783 3016 1035 3104 animadvertit3
1053 3041 1148 3088 orare

116 3141 246 3206 reniam
262 3135 317 3204 vel
333 3159 485 3206 excusare
500 3160 534 3205 se
548 3137 760 3224 conantibus,
775 3160 843 3204 uua
859 3159 939 3206 rocc
954 3161 1147 3223 occurrens,

115 3254 359 3326 ‹Moriendum
374 3279 452 3326 esse.
462 3285 480 3320 a
494 3256 652 3325 Scribunt
665 3254 813 3348 quidam,
829 3269 992 3325 trecentos
1005 3281 1045 3324 ex
1059 3253 1148 3325 dedi·

116 3377 196 3444 ticiis
224 3375 369 3462 clectos,
396 3377 567 3468 utriusqus
593 3374 737 3460 ordinis,
763 3375 923 3447 adaram
949 3377 1036 3443 Divo
1059 3374 1147 3444 lulio

114 3509 320 3564 usnuctam
348 3492 460 3563 idibus
488 3495 619 3563 Martiis
647 3493 829 3562 hostiarum
858 3519 951 3563 more
976 3509 1144 3563 mactatos.

113 3615 344 3698 Exstitcrunt,
361 3614 420 3705 qui
439 3610 622 3700 traderent,
643 3610 795 3682 consulto
810 3634 887 3685 erm
904 3612 946 3681 ad
961 3637 1053 3680 arma
1067 3613 1145 3699 isse,

113 3745 153 3800 ut
169 3733 295 3803 occulti
312 3731 507 3819 adversarii,
526 3746 558 3800 et
573 3754 656 3823 quos
672 3746 779 3800 metus
796 3733 898 3825 magis
914 3756 1013 3825 quam
1032 3730 1146 3803 uolun-

114 3865 166 3920 ω
182 3855 388 3936 contineret,
404 3847 559 3920 facultate
576 3852 613 3918 L.
628 3852 766 3922 Antonii
783 3850 873 3918 ducis
889 3849 1041 3943 praebita,
1056 3848 1145 3919 dcte·

112 3985 292 4064 guantum
314 3969 517 4062 devictisque
535 3968 587 4036 his
605 3983 638 4036 et
656 3967 858 4055 confiscatis,
878 3969 1037 4061 promissa
1057 3983 1145 4038 vete·

112 4092 205 4158 ranis
223 4091 359 4183 prumia
377 4085 652 4182 persolverentur.
