3138 5438
422 465 456 520 16
817 468 847 520 C.
869 465 1041 522 SUETONII

419 611 562 657 cessores
585 587 753 676 tribunos,
775 589 894 682 partim
916 613 975 680 per
996 589 1145 656 Servium
1165 585 1347 680 Sulpicium
1368 587 1441 674 alte·

422 733 496 776 rum
515 706 693 778 consulem.
716 708 905 800 Insequenti
927 729 1188 799 quoqueanno,
1207 708 1245 776 C.
1268 705 1441 794 Marcello,

396 841 399 848 '
420 829 478 919 qui
495 826 588 896 fratri
606 823 744 919 patrueli
766 851 825 894 suo
845 829 960 894 Marco
982 827 1017 892 in
1034 821 1208 893 consulatu
1229 841 1441 912 successerat,

421 945 536 1014 eadem
571 959 739 1031 tentante,
775 942 933 1038 collegam
974 945 1045 1036 ejus
1083 941 1250 1012 AEmilium
1284 941 1441 1032 Paulum,

419 1065 602 1157 Gaiumque
625 1063 823 1150 Curionem,
847 1060 1119 1130 violentissimum
1144 1061 1374 1146 tribunorum,
1394 1063 1441 1130 in·

419 1183 508 1276 genti
525 1181 674 1252 mercede
690 1179 874 1250 defensores
893 1181 1030 1275 paravit.
1049 1179 1114 1249 Sed
1130 1177 1236 1272 quum
1251 1180 1441 1248 obstinatius

419 1301 530 1369 omnia
547 1302 600 1395 agi
617 1299 760 1388 videret,
779 1313 811 1368 et
828 1300 1015 1393 designatos
1034 1299 1132 1368 etiam
1150 1297 1301 1367 consules
1318 1322 1336 1366 e
1352 1314 1442 1392 parte

419 1419 567 1503 diversa,
586 1433 735 1488 senatum
754 1415 871 1488 litteris
889 1417 1081 1511 deprecatus
1098 1430 1167 1502 est,
1185 1441 1227 1486 ne
1243 1417 1306 1485 sibi
1323 1417 1444 1485 benefi-

417 1538 505 1606 cium
528 1535 644 1630 populi
666 1537 884 1620 adimeretur;
905 1549 964 1604 eut
979 1544 1016 1603 ut
1033 1537 1133 1604 ceteri
1152 1558 1284 1628 quoque
1302 1535 1442 1628 impera-

420 1672 508 1726 tores
529 1657 570 1724 ab
590 1656 786 1724 exercitibus
810 1653 1011 1722 discederent
1032 1679 1040 1721 :
1061 1653 1221 1740 confisus,
1243 1667 1281 1722 ut
1301 1667 1444 1746 putant,

416 1774 544 1845 facilius
561 1800 613 1863 se,
636 1773 733 1844 simul
755 1787 854 1866 atque
874 1771 1039 1858 libuisset,
1056 1787 1228 1842 veteranos
1246 1787 1443 1842 convocatu·

416 1919 511 1980 rum,
532 1917 631 1986 quam
652 1893 847 1985 Pompeium
867 1915 969 1960 novos
989 1889 1119 1960 milites.
1143 1894 1230 1960 Cum
1251 1891 1446 1960 adversariis

415 2027 525 2082 autem
546 2011 689 2104 pepigit,
709 2025 765 2096 ut,
787 2009 926 2078 dimissis
951 2025 1027 2078 octo
1048 2007 1251 2103 legionibus,
1270 2007 1447 2102 transalpi-

415 2155 522 2225 naque
537 2129 666 2215 Gallia,
680 2128 753 2196 duae
770 2128 832 2196 sibi
848 2127 1011 2222 legiones,
1025 2143 1058 2196 et
1073 2127 1241 2222 Cisalpina
1255 2129 1448 2222 provincia,

415 2249 466 2318 vel
488 2250 587 2319 etiam
608 2271 675 2316 una
695 2246 780 2340 legio
803 2271 879 2314 cum
900 2245 1032 2339 illyrico
1055 2247 1308 2337 concederetur,
1334 2247 1450 2340 quoad

414 2367 528 2436 consul
546 2368 651 2436 lieret:

461 2489 571 2556 XXX.
596 2488 723 2554 Verum
743 2510 850 2578 neque
871 2499 986 2554 senatu
1004 2486 1257 2574 interveniente,
1276 2501 1308 2554 et
1324 2487 1449 2554 adver·

413 2607 505 2676 sariis
518 2606 728 2700 negantibus,
745 2604 848 2674 ullam
865 2630 898 2673 se
914 2605 955 2674 de
971 2603 1142 2698 republica
1157 2603 1301 2674 facturos
1317 2610 1453 2698 pactio·

413 2751 509 2814 nem,
535 2727 666 2794 transiit
694 2727 729 2794 in
756 2725 942 2794 citeriorem
971 2723 1133 2809 Gallinm3
1162 2725 1453 2820 conventibusque

412 2845 569 2939 peractis,
588 2849 753 2914 Ravennae
773 2843 935 2926 substitit,
952 2840 1039 2910 bello
1056 2843 1300 2928 vindicaturus,
1318 2845 1348 2912 si
1368 2844 1454 2936 quid

411 2964 453 3032 de
464 2965 606 3032 tribunis
618 2963 722 3056 plebis
735 2962 1014 3032 intercedentibus
1026 2987 1087 3054 pro
1103 2987 1137 3030 se
1150 2962 1282 3056 gravius
1296 2987 1315 3029 a
1329 2978 1457 3032 senatu

412 3083 630 3152 constitutum
654 3096 747 3150 esset.
772 3085 814 3150 Et
837 3093 1032 3175 praetentum
1059 3080 1193 3172 quidem
1221 3080 1269 3148 illi
1295 3081 1458 3150 civilium

413 3223 582 3270 armorum
597 3199 660 3268 hoc
675 3200 737 3268 fuit
754 3226 762 3268 ε
781 3223 894 3268 causas
912 3212 1023 3266 autem
1039 3196 1119 3266 alias
1135 3198 1234 3266 fuisse
1251 3201 1459 3292 opinantur.

305 3357 307 3364 v
412 3323 474 3390 Cn.
489 3321 665 3413 Pompeius
682 3321 728 3388 ite
747 3319 932 3404 dictitabat,
949 3318 1038 3410 quod
1053 3343 1160 3411 neque
1174 3343 1274 3412 opero
1290 3344 1462 3388 consum-

411 3461 521 3524 mare,
545 3463 617 3530 quae
642 3439 845 3526 instituerat,
871 3461 977 3530 neque
1003 3435 1117 3530 populi
1143 3438 1463 3528 exspectationem,

410 3580 510 3648 quam
532 3555 573 3624 de
594 3555 737 3624 adventu
759 3582 819 3624 suo
842 3556 984 3639 lecerat,
1009 3555 1146 3647 privatis
1171 3555 1290 3647 opibus
1310 3556 1465 3650 explere

411 3687 538 3768 posset,
560 3674 694 3742 turbare
715 3675 826 3742 omnia
846 3699 884 3742 ac
906 3674 1103 3766 permiscere
1127 3670 1279 3741 voluisse.
1308 3673 1389 3742 Alii
1417 3679 1464 3744 ti-

411 3795 532 3862 muisse
549 3792 682 3880 dicunt,
699 3818 742 3860 ne
762 3817 896 3876 eorum,
915 3817 987 3884 quae
1007 3794 1115 3884 primo
1131 3792 1305 3860 consulatu
1324 3794 1466 3864 adver·

410 3937 465 3980 sus
485 3912 630 4005 auspicia
651 3909 803 4004 legesque
825 3923 858 3978 et
879 3912 1126 3979 intercessiones
1149 3913 1321 4003 gessisset,
1349 3916 1469 3983 ratio-

410 4055 484 4098 nem
502 4029 640 4098 reddere
657 4043 830 4120 cogeretur
848 4055 855 4094 :
876 4053 978 4120 quum
996 4032 1043 4097 M.
1064 4033 1148 4098 Cato
1166 4029 1374 4118 identidem,
1399 4059 1469 4100 nec
