3098 5446
548 532 665 588 oruo.
869 579 874 584 .
1104 557 1138 612 ‚9

99 661 267 752 inpetrata
289 657 536 753 dispensatione
556 656 666 728 decies
697 657 885 728 sestertium
912 679 1135 754 expresserat.

97 783 160 850 Hoc
175 779 364 851 subsidium
383 781 468 850 tanti
485 781 584 875 coepti
605 778 679 850 tuit.
695 781 744 851 Ac
760 781 871 874 primo
887 781 1038 876 quinque
1057 809 1137 880 spe·
1194 853 1198 860 ,

97 899 294 971 culatoribus
314 902 490 978 commissa
511 925 564 972 res
581 915 651 990 est,
671 899 792 972 deinde
808 899 922 972 decem
943 901 1035 993 aliis,
1048 929 1135 1000 quos

97 1019 214 1116 singuli
234 1021 335 1092 binos
354 1022 610 1116 produxerant:
631 1021 786 1092 omuibus
805 1021 891 1093 dena
910 1025 1062 1094 sestertia
1086 1051 1139 1096 re·

96 1158 302 1237 presentata,
318 1158 352 1213 et
367 1145 605 1238 quinquagena
622 1143 796 1238 promissa.
811 1145 876 1214 Per
890 1143 953 1214 hos
966 1131 1136 1218 sollicitati

94 1263 230 1358 reliqui,
250 1289 312 1337 nec
334 1264 419 1335 adeo
445 1263 564 1352 multi3
590 1263 683 1336 baud
707 1262 810 1334 dubia
834 1263 977 1351 fiducia,
1003 1266 1038 1336 in
1063 1267 1137 1362 ipso

94 1363 222 1480 negotio
240 1384 354 1482 plures
369 1385 556 1468 adfuturos.

135 1511 197 1578 vl.
216 1505 355 1578 Tolerat
378 1508 531 1597 animus,
553 1522 630 1603 post
654 1507 870 1602 adoptionem
893 1510 1006 1578 statim
1028 1525 1136 1582 eastra

91 1652 269 1722 occupare,
286 1643 538 1722 coenaotemque
552 1629 587 1698 in
600 1625 730 1698 Palatio
743 1627 887 1698 Galbam
906 1631 1042 1724 aggredi
1056 1656 1065 1700 τ
1079 1631 1137 1704 sed

90 1747 217 1818 obstitit
247 1763 415 1843 respectus
445 1750 616 1836 cohortis,
647 1774 721 1842 quae
748 1764 829 1818 tuuc
859 1749 1064 1837 excubabat,
1094 1778 1137 1822 ne

89 1885 285 1940 oneraretur
302 1871 449 1959 iuvidia;
464 1870 556 1964 quod
573 1869 721 1964 ejusdem
737 1871 879 1939 statione
897 1886 931 1940 et
949 1873 1050 1942 Caius
1063 1873 1137 1944 fue·

89 2006 138 2062 rat
157 1992 310 2079 occisus,
326 2007 360 2060 et
381 1991 531 2068 desertus
552 1991 655 2063 Nero.
673 1989 826 2060 Medium
848 2015 984 2085 quoque
1004 2006 1136 2088 tempus

88 2109 206 2207 religio
222 2127 255 2182 et
273 2101 431 2182 Seleucris
453 2111 583 2180 exemit.
605 2114 696 2205 Ergo
713 2109 879 2182 destinata
898 2111 970 2198 die,
992 2137 1136 2206 praemo-

88 2233 163 2303 nitis
181 2233 341 2320 consciis,
358 2247 397 2305 ut
414 2257 449 2302 se
466 2234 607 2306 inForo
625 2231 687 2300 sub
705 2230 776 2302 aede
792 2235 928 2304 Saturni
944 2232 988 2304 ad
1005 2233 1135 2306 Millia·

86 2355 173 2424 mum
191 2379 332 2424 aureum
349 2354 599 2450 opperirentur,
612 2377 711 2423 mane
730 2351 873 2424 Galbam
890 2352 1067 2444 salutavit;
1086 2371 1137 2425 ut-

87 2499 149 2567 que
173 2490 375 2564 consuerat,
394 2473 510 2546 osculo
527 2490 705 2569 exceptus,
725 2475 826 2544 etiam
855 2475 1056 2544 sacrificanti
1082 2479 1136 2546 in-

89 2595 225 2686 terfirit,
242 2596 438 2691 audivitque
451 2595 611 2692 praedicta
626 2596 825 2690 haruspicis.
841 2595 975 2665 Deinde
994 2593 1132 2681 liberto,

87 2717 200 2790 adesse
213 2717 435 2807 architectos,
448 2717 646 2800 nunciante,
660 2715 752 2811 quod
764 2716 897 2810 signum
910 2731 1113 2785 convenerat
1124 2769 1135 2803 ,

88 2841 182 2931 quasi
202 2837 354 2910 venalem
374 2837 513 2908 domum
529 2837 741 2932 inspecturus
761 2835 935 2922 abscessit;
953 2835 1137 2930 proripuit·
1200 2849 1202 2854 ’

84 2983 147 3051 que
159 2985 198 3030 se
211 2961 339 3055 postica
353 2973 447 3054 parte
463 2958 582 3030 Palatii
601 2958 644 3027 ad
659 2958 890 3028 constitutum.
907 2955 971 3038 Alii
984 3007 994 3044 ,
1008 2955 1133 3026 febrem

84 3079 280 3168 simulasse,
297 3059 407 3170 aiunt,
427 3105 567 3174 eamque
588 3078 838 3149 excusationem
860 3078 1021 3173 proximis
1041 3101 1135 3146 man-

84 3199 200 3292 dasse,
225 3202 254 3270 si
281 3216 497 3296 quaereretur.
520 3204 616 3270 Tunc
645 3197 780 3269 abditus
807 3223 951 3294 propere
978 3196 1136 3296 muliebri

82 3319 184 3410 aella,
209 3322 245 3390 in
268 3335 375 3391 castra
401 3320 575 3391 contendit
593 3345 602 3390 t
622 3345 661 3389 ac
683 3317 917 3388 deficientibus
939 3315 1137 3406 lecticariis,

81 3465 189 3534 quum
212 3440 459 3529 descendisset,
481 3465 686 3535 cursumque
710 3440 869 3534 cepisset,
894 3437 1006 3508 laxato
1026 3437 1132 3511 calcio

81 3563 226 3648 restitit,
250 3561 357 3632 donec
375 3562 498 3654 omissa
519 3585 613 3632 mora
635 3559 852 3647 succollatus,
871 3575 906 3629 et
927 3585 948 3629 a·
973 3574 1136 3654 praesente

82 3683 247 3752 comitatu
265 3683 451 3778 imperator
464 3679 706 3768 consalutatus,
723 3682 811 3750 inter
828 3679 953 3749 faustas
970 3677 1134 3748 acclama-

81 3803 194 3872 tiones
221 3803 424 3896 strictosque
447 3799 575 3899 gladios
596 3801 640 3872 ad
667 3802 832 3896 principia
855 3799 1007 3886 devenit,
1031 3797 1133 3868 obvio

80 3947 222 4017 quoque
249 3947 319 3992 non
344 3920 461 4011 aliter,
490 3947 528 3992 ac
556 3924 584 3992 si
606 3922 759 3992 conscius
782 3935 816 3990 et
843 3920 1012 4014 particeps
1028 3918 1132 4004 foret,

79 4041 286 4114 adhaerente.
304 4043 358 4112 Ibi
376 4043 504 4130 missis,
519 4044 578 4138 qui
595 4039 740 4114 Galbam
759 4055 793 4110 et
807 4041 962 4112 Pisonem
982 4037 1131 4108 trucida·

77 4177 178 4251 rent,
200 4161 243 4232 ad
265 4160 494 4234 conciliandos
514 4159 980 4259 pollicitationibusmilitum
1004 4155 1134 4228 animos

957 4305 987 4349 n.
