3168 5440
435 462 471 534 :³
705 463 735 518 u
758 461 937 519 sunronu
956 463 1203 520 nomnibus.

434 588 589 657 Domitiae
610 587 736 682 nuptiis
763 588 1025 683 pertinacissime
1053 602 1251 672 recusasset,
1281 613 1348 657 uon
1370 587 1457 657 multo

435 723 511 804 post
535 707 592 778 alii
617 705 832 794 collocatam,
860 710 1011 803 corrupit
1041 706 1149 794 ultro,
1177 723 1211 778 et
1236 707 1372 802 quidem
1397 709 1457 775 vivo

433 831 533 898 etiam
553 845 624 898 tum
644 829 748 899 Tito:
769 852 846 898 mox
865 843 960 924 patre
978 853 1017 898 ac
1035 829 1107 898 viro
1125 829 1293 917 orbatam,
1312 827 1461 899 ardentis-

434 949 516 1019 sime
531 947 708 1045 palamque
721 947 858 1036 dilexit,
875 963 914 1018 ut
930 949 1028 1019 ctiam
1046 973 1144 1018 causa
1161 949 1279 1018 mortis
1294 951 1463 1037 exstiterit,

434 1083 556 1140 coacte
575 1085 773 1167 conceptum
790 1095 809 1140 a
829 1093 865 1140 se
882 1070 1028 1165 abigere.

482 1195 609 1264 XXIII.
622 1194 778 1264 Occisum
791 1215 869 1262 eum
882 1189 1027 1288 populus
1041 1190 1282 1277 indifferenter,
1298 1190 1390 1260 miles
1402 1217 1466 1288 gra·

434 1314 566 1383 vissimc
585 1311 681 1400 tulit,
707 1315 885 1405 statimque
906 1313 1031 1382 Divum
1054 1309 1222 1406 appellare
1242 1326 1381 1381 conatus
1404 1325 1465 1398 cst;

433 1445 570 1528 paratus
588 1444 623 1502 et
646 1429 778 1520 ulcisci,
800 1431 864 1501 nisi
884 1430 987 1500 duces
1008 1431 1189 1501 defuissent
1209 1458 1218 1500 :
1237 1431 1327 1526 quod
1341 1431 1466 1526 quidem
1553 1459 1554 1502 1

433 1551 534 1648 paulo
555 1567 632 1649 post
658 1552 753 1638 fecit,
773 1550 989 1648 expostulatis
1008 1551 1198 1646 adponam
1218 1553 1468 1645 pertinacissime

433 1671 532 1743 caedis
553 1673 758 1743 auctoribus.
777 1676 905 1744 Contra
923 1687 1061 1742 senatus
1078 1671 1162 1741 adeo
1181 1670 1312 1740 lutatus
1334 1687 1399 1762 cst,
1416 1687 1467 1761 ut,

433 1789 560 1889 repleta
576 1795 729 1864 certatim
748 1794 865 1882 Curia,
883 1816 952 1862 non
970 1806 1185 1888 temperaret,
1204 1792 1287 1886 quin
1306 1807 1468 1861 mortuum

434 1913 768 1985 contumeliosissimo
785 1929 885 2008 atquc
901 1913 1110 1983 acerbissimo
1127 1911 1403 1983 reclamationum
1420 1937 1468 2008 ge-

435 2059 514 2104 nere
530 2033 691 2104 laceraret
708 2061 717 2103 ε
737 2033 841 2104 scalas
859 2035 958 2104 etiam
980 2032 1114 2121 inferri,
1128 2029 1326 2128 clypeosque
1346 2047 1380 2102 et
1398 2034 1468 2102 ima-

434 2155 527 2249 gines
547 2155 620 2249 ejus
638 2177 751 2224 coram
773 2154 917 2245 detrahi,
933 2168 966 2224 et
987 2151 1109 2222 ibidem
1128 2151 1199 2224 solo
1213 2151 1317 2248 affligi
1327 2151 1466 2246 juberet;

436 2274 630 2361 novimime,
645 2272 831 2343 eradendos
845 2275 969 2368 ubique
983 2271 1114 2360 titulos,
1130 2271 1396 2367 abolendamque
1408 2296 1467 2342 oin·

435 2417 511 2464 uem
525 2394 719 2463 memoriam
737 2392 943 2464 decerneret.
963 2398 1049 2464 Ante
1068 2415 1211 2488 paucos,
1230 2417 1330 2488 quam
1351 2392 1457 2462 occide

433 2528 537 2604 retur,
570 2537 716 2602 menses,
747 2515 862 2584 cornix
893 2516 927 2583 in
947 2511 1114 2608 Capitolio
1136 2512 1268 2583 elocuta
1288 2529 1356 2600 est,
1383 2505 1462 2583 ἔσται

434 2631 536 2706 πάντα
558 2631 673 2716 καλῶς.
698 2637 769 2707 Nec
788 2635 913 2720 defuit,
934 2635 991 2728 qui
1014 2647 1180 2703 ostentum
1200 2633 1248 2702 sic
1277 2633 1464 2729 interpreta-

432 2769 554 2826 retur:

549 2927 649 3001 Nuper
663 2928 788 3002 Tarpeio
807 2945 869 3002 qna
884 2926 959 2984 sedit
971 2925 1093 2983 cubninc
1110 2925 1229 2994 cornix,

592 3019 649 3074 Est
665 3020 749 3088 benc,
767 3037 826 3077 nou
846 3019 941 3094 potuit
959 3017 1054 3076 dicere
1069 3038 1077 3074 ε
1091 3017 1181 3090 dixit,
1200 3019 1271 3074 Erit.

432 3169 546 3261 Ipsum
558 3170 655 3237 etiam
670 3171 900 3240 Domitianum
913 3169 1024 3240 ierunt
1038 3170 1233 3258 somniasse,
1249 3169 1383 3265 gibbam
1397 3169 1463 3252 sibi,

434 3313 520 3382 pone
537 3289 715 3377 cervicem,
732 3314 866 3360 auream
880 3305 1030 3378 enatam,
1048 3313 1111 3384 pro
1127 3304 1286 3383 certoque
1304 3291 1464 3372 habuisse,

374 3397 376 3402 ¹
433 3409 614 3478 beatiorem
633 3425 708 3504 post
723 3435 758 3480 se
776 3408 1002 3506 laetioremque
1015 3409 1172 3506 portendi
1192 3409 1384 3505 reipublice
1401 3424 1463 3479 sta·

434 3543 514 3600 tum.
531 3529 625 3598 Sicut
638 3553 718 3600 sane
733 3531 825 3600 brevi
842 3533 966 3620 evenit,
980 3531 1178 3599 abstinentia
1194 3545 1228 3599 et
1242 3530 1463 3600 moderatione

433 3651 678 3744 insequentium
698 3651 900 3746 principum.

798 3919 1110 3948 *η
