3098 5446
875 1115 1019 1132 -ο-

343 1382 346 1390 “
432 1363 460 1432 l.
480 1308 676 1436 Marones
701 1364 848 1436 Othonis
872 1363 946 1446 orti
961 1378 1039 1432 sunt
1062 1363 1188 1459 oppido
1210 1365 1400 1450 Ferentino,
1416 1362 1450 1430 ln·
1527 1351 1528 1414 ἶ

433 1481 524 1552 milia
546 1498 655 1553 vetere
669 1485 899 1571 othonorum,
920 1500 1021 1578 atque
1047 1509 1087 1552 er
1103 1483 1310 1578 principibus
1323 1485 1450 1552 Etruria.

432 1608 523 1672 Avus
537 1605 585 1672 M.
603 1603 732 1673 Salvius
749 1605 857 1692 Otho,
873 1619 966 1699 patre
980 1605 1093 1698 equite
1117 1628 1277 1690 romano,
1292 1618 1396 1672 matre
1410 1603 1452 1670 hu·
1527 1665 1528 1672 ,

433 1721 523 1810 mili,
538 1724 702 1792 incertum
717 1749 759 1792 an
775 1726 937 1818 ingenua,
952 1749 1013 1819 per
1027 1725 1169 1819 gratiam
1183 1725 1286 1794 Liviae
1302 1728 1454 1818 Auguste,

433 1843 469 1909 in
483 1843 578 1937 cujus
593 1841 694 1912 domo
709 1859 874 1930 creverat,
889 1859 1026 1914 senator
1042 1859 1094 1914 est
1107 1844 1231 1932 factus,
1247 1869 1307 1912 nec
1326 1859 1456 1937 praetura

433 1961 573 2056 gradum
598 1965 746 2033 excessit.
767 1967 866 2042 Pater
888 1969 926 2034 L.
950 1966 1061 2052 Otho,
1080 1979 1231 2034 materno
1252 1988 1372 2058 genere
1392 1988 1457 2058 pre·

434 2081 540 2171 claro,
556 2081 805 2177 multarumque
826 2100 860 2153 et
876 2110 1073 2179 magnarum
1092 2085 1394 2178 propinquitatum,
1409 2099 1459 2152 ten

434 2219 701 2298 curus,=tamque
715 2229 783 2272 non
799 2205 959 2274 absimilis
979 2205 1062 2274 socie
1079 2205 1215 2273 Tiberio
1228 2205 1378 2298 principi
1396 2204 1460 2287 fuit,

435 2337 474 2391 ut
487 2321 638 2417 plerique
656 2340 870 2419 procreatum
892 2351 932 2394 ex
950 2351 989 2394 eo
1008 2325 1192 2394 crederent.
1210 2326 1362 2395 Urbanos
1377 2326 1462 2394 bono

435 2467 509 2530 res,
533 2443 807 2537 proconsulatum
827 2445 967 2534 Afilae,
989 2461 1022 2514 et
1041 2445 1305 2516 extraordinaria
1321 2447 1462 2540 imperia,

435 2563 642 2632 severissime
664 2564 921 2634 administravit.
948 2569 1059 2636 Ausus
1082 2567 1183 2636 etiam
1210 2567 1319 2634 estin
1346 2563 1464 2659 Illyrico

435 2681 554 2752 milites
568 2683 748 2776 quosdam,
763 2684 855 2779 quod
877 2700 971 2754 motu
986 2684 1118 2756 Camilli
1133 2711 1174 2754 ex
1189 2686 1385 2780 poenitentia
1399 2709 1466 2780 prae
1527 2773 1528 2782 ἵ

434 2805 561 2898 positos
576 2830 670 2892 suos,
684 2807 779 2899 quasi
794 2805 988 2875 desectionis
1003 2807 1161 2876 adversus
1175 2805 1354 2876 Claudium
1368 2820 1467 2876 aucto
1519 2852 1521 2860 ,

435 2948 504 3012 res,
519 2923 725 3012 occiderant,
742 2927 850 3019 capite
863 2927 999 3018 punire,
1014 2927 1191 3018 etquidem
1207 2941 1285 2995 aute
1299 2925 1469 3020 principia,

346 3081 347 3084 π
437 3065 472 3110 se
487 3067 615 3130 coram3
630 3047 782 3137 quamvis
803 3047 846 3114 ob
862 3045 896 3116 id
917 3047 1027 3140 ipsum
1042 3060 1213 3141 promotos
1231 3047 1266 3114 in
1284 3045 1471 3145 ampliorem
1527 3047 1528 3052 ’

437 3163 576 3257 gradum
592 3190 611 3232 a
626 3163 768 3234 Claudio
783 3168 891 3235 sciret.
903 3167 982 3255 Quo
997 3166 1101 3254 lacto,
1118 3167 1203 3235 sicut
1218 3164 1358 3261 gloriam
1373 3167 1473 3248 auxit,

438 3285 484 3352 ita
503 3286 645 3377 gratiam
666 3287 787 3354 minuit
808 3313 816 3355 ε
834 3311 941 3381 quam
968 3302 1079 3356 tamen
1104 3300 1233 3355 mature
1255 3287 1474 3381 recuperavit,

437 3403 567 3474 detecta
595 3408 714 3500 equitis
736 3409 863 3477 romani
885 3407 1018 3494 fraude,
1042 3432 1158 3502 quem,
1177 3406 1398 3500 prodentibus
1421 3429 1476 3474 ser·

437 3527 505 3612 vis,
524 3551 640 3594 necem
658 3525 801 3597 Claudio
818 3553 954 3623 parare,
977 3541 1195 3622 compererat.
1219 3528 1374 3621 Namque
1389 3540 1423 3594 et
1436 3547 1478 3594 se·

437 3661 537 3715 natus
552 3645 680 3717 honore
701 3650 886 3738 rarissimo,
901 3663 1012 3718 statua
1030 3651 1064 3717 in
1083 3647 1211 3718 Palatio
1229 3651 1355 3742 posita,
1373 3668 1479 3740 prose·

437 3781 533 3836 cutus
548 3783 597 3836 est
620 3794 717 3854 eum;
737 3784 770 3838 et
784 3767 946 3840 Claudius
965 3767 1120 3838 allectum
1142 3771 1229 3837 inter
1246 3769 1408 3863 patricios
1423 3761 1481 3835 col-

437 3885 576 3956 laudans
595 3887 807 3983 amplissimis
825 3891 951 3979 verbis,
972 3890 1036 3958 hoc
1056 3914 1190 3983 quoque
1213 3887 1359 3982 adjecit:
1386 3887 1482 3968 «Vir,

436 4032 504 4100 quo
519 4007 672 4078 meliores
688 4009 810 4078 liberos
830 4011 953 4080 habere
973 4035 1015 4080 ue
1029 4025 1110 4104 opto
1125 4009 1298 4104 quidem.»
1319 4012 1373 4079 Ex
1390 4005 1484 4077 Albin

437 4130 608 4216 Terentia,
633 4128 805 4224 splendida
829 4131 970 4220 femina,
991 4131 1073 4200 duos
1095 4130 1171 4202 tulit
1191 4131 1293 4222 filios,
1313 4135 1350 4201 L.
1383 4130 1484 4201 Titia·
