3108 5434
425 435 480 492 aad
828 435 861 492 C.
887 437 1063 496 sumtu

422 585 539 655 quam,
564 562 713 657 Agrippa
735 559 889 630 abdicato
910 575 1011 655 atque
1033 557 1193 654 seposito,
1220 569 1347 625 certum
1374 567 1462 640 crat,

424 681 482 748 uni
503 705 595 775 spem
616 679 834 750 successionis
852 680 1053 749 incumbere.
1254 773 1260 782 Ι

471 803 561 870 XVI.
585 803 672 869 Data
694 823 810 870 rursus
835 813 980 894 potestas
1006 797 1182 866 tribunicia
1212 779 1247 864 in
1262 775 1462 889 'quinquen-

424 920 542 988 nium:
559 917 726 1014 delegatus
744 918 901 1013 pacandae
914 917 1103 987 Germania
1119 929 1222 986 status
1239 940 1247 984 ε
1265 914 1462 984 Parthorum

423 1036 543 1133 legati,
562 1036 726 1106 mandatis
746 1039 898 1134 Angusto
922 1041 1038 1106 Romae
1058 1035 1212 1123 redditis,
1234 1059 1311 1104 eum
1333 1057 1464 1126 quoque

423 1157 515 1226 adire
532 1159 567 1226 in
582 1157 755 1253 provincia
766 1157 859 1250 jussi.
875 1155 942 1227 Sed
957 1157 1115 1226 nunciata
1129 1151 1253 1250 Illyrici
1267 1153 1464 1240 defectione,

424 1279 556 1348 transiit
572 1277 614 1347 ad
629 1303 744 1347 curam
761 1279 839 1346 novi
853 1276 950 1348 belli:
967 1275 1057 1372 quod
1071 1277 1301 1374 gravissimum
1314 1275 1465 1343 omnium

425 1413 640 1469 externorum
654 1395 819 1466 bellorum
835 1411 911 1493 post
927 1399 1067 1488 Punica,
1084 1421 1144 1494 per
1159 1393 1350 1490 quindecim
1367 1393 1466 1489 legio-

425 1543 503 1608 nes,
528 1541 709 1614 paremque
731 1515 932 1589 auxiliorum
954 1519 1102 1614 copiam,
1126 1516 1270 1586 triennio
1289 1513 1410 1610 gessit,
1433 1515 1465 1581 in

424 1639 553 1734 magnis
575 1639 724 1708 omnium
748 1662 862 1707 rerum
886 1637 1153 1726 difficultatibus,
1176 1659 1368 1728 summaque
1396 1631 1467 1702 fru-

424 1782 504 1852 gum
525 1757 648 1851 inopia.
667 1760 711 1828 Et
731 1781 934 1851 quamquam
955 1759 1073 1852 sapius
1099 1768 1327 1845 revocaretur,
1353 1768 1466 1824 tamen

424 1875 664 1970 perseveravit;
685 1891 853 1966 metuens,
874 1901 917 1946 nc
939 1878 1069 1946 vicinus
1097 1889 1129 1946 et
1154 1874 1335 1971 praevalens
1360 1874 1468 1944 hostis

425 1997 565 2064 instaret
580 1993 669 2066 ultro
685 1995 887 2066 cedentibus.
911 1999 961 2066 Ac
980 1996 1232 2090 perseverantiae
1253 1993 1378 2090 grande
1397 2021 1471 2090 pre·

427 2115 512 2184 tium
529 2112 622 2200 tulit,
639 2129 711 2186 toto
726 2113 878 2209 Illyrico,
898 2114 988 2209 quod
1006 2117 1094 2184 inter
1111 2113 1241 2184 Italiam
1257 2139 1470 2210 regnumque

427 2235 812 2306 NoricumetThraciam
823 2249 856 2304 et
867 2234 1101 2304 Macedoniam
1113 2236 1263 2328 interque
1271 2235 1471 2306 Danubium

428 2352 552 2424 flumen
572 2368 605 2423 et
620 2355 731 2423 sinum
747 2355 848 2424 maris
864 2353 1026 2424 Adriatici
1047 2369 1154 2448 patet,
1172 2353 1360 2449 perdomito
1380 2369 1418 2424 et
1437 2356 1473 2424 in

426 2472 587 2544 ditionem
605 2473 749 2544 redacto.

474 2596 585 2664 XVII.
605 2594 669 2665 Cui
686 2593 799 2690 gloriae
813 2594 957 2690 amplior
969 2595 1077 2666 adhuc
1091 2621 1132 2666 ex
1147 2596 1400 2690 opportunitate
1414 2621 1477 2664 cu-

427 2713 538 2788 mulus
553 2716 698 2785 accessit.
714 2717 803 2786 Nam
821 2716 883 2785 sub
900 2715 934 2784 id
950 2715 1018 2786 sere
1038 2731 1169 2812 tempus
1184 2689 1391 2806 Quinctilius
1403 2719 1476 2786 Va-

428 2861 485 2906 rus
507 2860 584 2906 cum
610 2837 716 2904 tribus
736 2834 923 2930 legionibus
943 2837 977 2904 in
997 2838 1179 2906 Germania
1199 2837 1314 2930 periit;
1334 2838 1479 2906 nemine

427 2954 618 3041 dubitante,
631 2956 713 3047 quin
731 2956 875 3024 victores
893 2957 1054 3025 Germani
1071 2957 1220 3050 juncturi
1236 2979 1270 3024 se
1284 2957 1481 3026 Pannoniis

427 3073 566 3160 fuerint,
585 3073 648 3142 nisi
668 3071 868 3142 debellatum
888 3076 980 3168 prius
1002 3073 1172 3170 Illyricum
1191 3089 1285 3144 esset.
1308 3075 1408 3164 Quas
1433 3076 1481 3143 ob

427 3217 480 3262 res
499 3192 689 3286 triumphus
710 3193 740 3260 oi
759 3191 910 3262 decretus
927 3210 995 3282 est,
1009 3193 1172 3289 multique
1188 3209 1222 3264 et
1233 3195 1344 3290 magni
1362 3195 1484 3264 hono-

427 3336 492 3382 res.
509 3315 721 3382 Censuerunt
738 3313 838 3381 etiam
857 3312 1012 3406 quidam,
1033 3329 1072 3382 ut
1089 3315 1316 3402 Pannonicus,
1335 3313 1421 3403 alii,
1443 3331 1487 3386 ut

426 3433 591 3518 Invictus,
622 3427 795 3520 nonnulli,
823 3447 862 3500 ut
892 3435 971 3502 Pius
998 3436 1298 3528 cognominaretur.
1329 3433 1403 3502 Sed
1440 3435 1488 3503 de

427 3553 626 3647 cognomine
649 3552 833 3622 intercessit
857 3557 1042 3648 Augustus,
1067 3579 1106 3624 co
1130 3569 1324 3624 contentum
1347 3579 1490 3650 repro·

426 3674 579 3760 mittens,
594 3671 685 3765 quod
695 3671 894 3742 sedeluucto
907 3689 1121 3770 suscepturus
1134 3689 1229 3744 esset.
1240 3675 1490 3768 Triumphum

426 3792 497 3886 ipse
514 3789 659 3880 distulit,
673 3808 790 3862 moesta
803 3795 936 3864 civitate
948 3795 1040 3865 clade
1051 3797 1206 3866 Variana.
1222 3793 1338 3866 Nihilo
1355 3799 1493 3869 minus

412 3913 554 4004 ,Urbem
578 3926 791 4007 pretextatus
816 3929 850 3982 et
869 3913 981 3986 laurea
1005 3930 1182 3986 coronatus
1205 3915 1357 4002 intravit;
1386 3921 1497 4012 posi-

428 4046 565 4126 tumque
583 4033 617 4100 in
634 4033 741 4127 Septis
759 4032 921 4121 tribunal,
935 4051 1050 4105 senatu
1070 4035 1240 4124 adstante,
1257 4040 1498 4127 conscendit,
