3108 5434
431 499 469 556 68
836 501 864 555 C.
885 502 1059 558 SUETONII

480 621 601 688 xxm.
631 621 770 706 Urbem,
795 647 900 715 neque
923 649 983 720 pro
1011 627 1179 718 majestate
1205 629 1333 722 imperii
1363 654 1461 698 orna·

434 753 517 826 tarn,
546 751 579 806 et
606 739 875 822 inundationibus
896 744 1119 837 incendiisque
1146 747 1338 835 obnoxiam,
1365 772 1460 816 exco-

435 855 498 925 luit
520 856 620 942 adeo,
646 871 682 926 ut
699 859 774 950 jure
799 861 841 928 sit
863 860 1044 954 gloriatus,
1062 888 1281 934 marmoream
1306 890 1341 936 se
1361 863 1461 934 relin-

435 998 557 1066 quere,
576 1000 676 1068 quam
700 971 880 1046 latericiam
899 982 1085 1074 accepisset.
1104 985 1223 1054 Tutam
1246 1008 1339 1069 vero,
1356 1007 1461 1076 quan·

438 1107 508 1162 tum
519 1093 686 1186 provideri
699 1095 843 1164 humana
852 1099 980 1166 ratione
997 1102 1124 1192 potuit,
1135 1101 1235 1170 etiam
1246 1101 1279 1168 in
1291 1115 1463 1194 posterum

437 1212 598 1304 prestitit.
617 1210 754 1280 Publica
780 1238 879 1306 opera
899 1215 1044 1308 plurima
1067 1220 1256 1287 exstruxit:
1279 1243 1318 1286 ex
1342 1220 1463 1311 quibus

438 1328 491 1396 vel
513 1329 697 1424 precipua,
711 1330 818 1400 forum
839 1357 914 1400 cum
932 1334 1001 1402 cede
1016 1337 1133 1407 Martis
1154 1335 1465 1432 ultoris,templum

438 1446 601 1540 Apollinis
618 1449 652 1516 in
668 1447 810 1537 Palatio,
828 1451 930 1522 sedem
949 1455 1108 1522 Tonantis
1125 1455 1214 1523 Jovis
1234 1456 1267 1522 in
1289 1455 1465 1549 Capitolio.

439 1566 516 1634 Fori
531 1565 721 1634 exstruendi
743 1591 840 1635 causa
855 1567 916 1636 suit
932 1570 1103 1642 hominum
1117 1587 1149 1640 et
1166 1573 1365 1664 judiciorum
1382 1574 1466 1642 mul·

441 1684 569 1772 titudo,
582 1685 852 1778 qumvidebatur,
864 1712 930 1756 non
949 1688 1188 1758 sufficientibus
1206 1691 1349 1778 duobus,
1363 1695 1464 1762 ctiam

442 1803 538 1872 tertio
570 1802 726 1897 indigere.
755 1807 873 1898 Itaque
897 1805 1122 1896 festinantius,
1151 1809 1291 1878 necdum
1325 1812 1470 1904 perfecta

439 1923 559 1998 Martis
576 1921 659 2014 ede,
679 1921 883 2020 publicatum
903 1939 967 2012 cst,
993 1939 1209 2022 cantumque,
1233 1943 1271 1999 ut
1291 1933 1469 2023 separatim

443 2047 477 2113 in
506 2069 546 2113 eo
574 2043 706 2138 publica
736 2044 860 2136 judicia
889 2060 922 2114 et
951 2047 1138 2116 sortitiones
1164 2046 1314 2140 judicum
1342 2047 1470 2116 fierent.

446 2161 560 2231 AEdem
577 2162 713 2250 Martis,
726 2161 815 2230 bello
829 2161 1027 2257 philippensi
1040 2147 1100 2256 pro
1116 2164 1240 2234 ultione
1253 2180 1388 2260 paterna
1399 2191 1473 2235 sus·

446 2295 560 2376 cepto,
579 2294 723 2350 voverat.
747 2283 862 2349 Sanxit
886 2305 986 2375 ergo,
1002 2297 1039 2351 ut
1055 2282 1096 2350 de
1116 2281 1209 2352 bellis
1231 2283 1474 2376 triumphisque

446 2401 501 2468 hic
519 2397 746 2468 consuleretur
774 2414 904 2468 senatus
926 2425 934 2468 :
956 2401 1142 2492 provincias
1162 2425 1238 2470 cum
1261 2403 1398 2494 imperio
1419 2427 1477 2495 po

446 2519 539 2586 tituri
567 2518 644 2587 binc
677 2517 943 2586 deducerentur:
970 2519 1093 2610 quique
1125 2521 1266 2588 victores
1293 2518 1477 2606 redissent,

447 2638 513 2706 huc
529 2637 669 2730 insignia
685 2637 931 2729 triumphorum
948 2619 1114 2706 inferrent.
1124 2635 1298 2731 Templum
1310 2634 1479 2730 Apollinis

447 2759 482 2826 in
507 2781 546 2826 ea
572 2769 665 2851 parte
688 2753 845 2824 Palatinae
870 2755 988 2824 domus
1014 2756 1186 2844 excitavit,
1214 2779 1314 2848 quaxn
1334 2753 1480 2824 fulmine

448 2877 546 2946 ictam
563 2873 740 2942 desiderari
757 2899 777 2941 a
801 2873 863 2940 deo
879 2874 1069 2968 haruspices
1085 2875 1351 2966 pronunciarent.
1373 2873 1485 2942 Addi-

449 2994 500 3062 dit
515 2994 661 3086 porticus
677 3016 754 3060 cum
770 2989 970 3062 bibliotheca
988 2991 1092 3062 latina
1108 3017 1277 3085 graecaque
1292 3017 1300 3058 :
1315 3015 1381 3084 quo
1400 2989 1486 3060 loco

448 3113 517 3203 jam
534 3109 644 3178 senior
661 3133 747 3202 sepe
760 3112 860 3178 etiarn
876 3123 1027 3178 senatum
1042 3109 1179 3197 habuit,
1195 3108 1412 3202 decuriasque
1427 3111 1490 3203 ju-

347 3215 353 3225 *
451 3228 562 3297 dicum
578 3229 781 3322 recognovit.
801 3229 945 3296 Tonanti
975 3229 1048 3296 lovi
1070 3226 1173 3296 aedern
1198 3227 1422 3312 consecravit,
1443 3226 1491 3296 li-

451 3349 583 3416 beratus
616 3346 779 3441 periculo,
813 3371 917 3440 quum
953 3346 1159 3440 expeditione
1198 3347 1382 3416 cantabrica
1421 3372 1494 3440 per

453 3479 653 3535 nocturnum
672 3466 734 3535 iter
748 3464 899 3536 lecticam
918 3465 987 3558 ejus
1006 3464 1118 3560 fulgur
1134 3465 1398 3558 praestrinxisset,
1419 3491 1499 3534 ser

451 3609 595 3679 rumque
605 3584 838 3679 praelucentem
853 3587 1079 3653 exanimasset.
1096 3583 1254 3672 Quaedam
1266 3584 1364 3652 etiam
1377 3607 1502 3678 opera

453 3704 514 3772 sub
531 3706 665 3772 nomine
680 3703 803 3790 alieno,
824 3717 983 3796 nepotum
1009 3700 1132 3771 scilicet
1154 3716 1187 3772 et
1212 3702 1323 3771 uxoris
1341 3703 1503 3772 sororis-

453 3847 532 3916 que,
559 3821 634 3890 lecit
654 3847 663 3890 :
683 3836 722 3891 ut
744 3822 910 3914 porticum
943 3819 1176 3913 basilicamque
1209 3820 1282 3888 Caii
1310 3831 1342 3888 et
1368 3821 1506 3906 Lucii;

456 3944 534 4010 item
549 3945 696 4035 porticus
715 3943 817 4010 Liviae
835 3957 869 4010 et
888 3943 1048 4025 Octavia,
1071 3941 1299 4032 theatrumque
1320 3939 1509 4019 Marcelli.

455 4060 517 4128 Sed
536 4074 570 4128 et
586 4075 711 4132 ceteros
730 4062 895 4152 principes
911 4062 998 4128 viros
1015 4083 1100 4152 saepe
1117 4059 1267 4128 hortatus
1283 4071 1345 4144 est,
1368 4071 1412 4126 ut
1434 4084 1513 4152 pro
