<?xml version="1.0" encoding="UTF-8"?>
<!DOCTYPE html PUBLIC "-//W3C//DTD XHTML 1.0 Transitional//EN"
    "http://www.w3.org/TR/xhtml1/DTD/xhtml1-transitional.dtd">
<html xmlns="http://www.w3.org/1999/xhtml" xml:lang="en" lang="en">
 <head>
  <title>
</title>
<meta http-equiv="Content-Type" content="text/html;charset=utf-8" />
  <meta name='ocr-system' content='tesseract 3.04.00' />
  <meta name='ocr-capabilities' content='ocr_page ocr_carea ocr_par ocr_line ocrx_word'/>
</head>
<body>
  <div class='ocr_page' id='page_1' title='image "./caiisuetonitran00grosgoog_0074.png"; bbox 0 0 3138 5438; ppageno 0'>
   <div class='ocr_carea' id='block_1_1' title="bbox 99 541 1145 1000">
    <p class='ocr_par' dir='ltr' id='par_1_1' title="bbox 99 541 1145 1000">
     <span class='ocr_line' id='line_1_1' title="bbox 464 541 1145 613; baseline 0.012 -18"><span class='ocrx_word' id='word_1_1' title='bbox 464 541 494 595; x_wconf 87' lang='lat' dir='ltr'><strong>C.</strong></span> <span class='ocrx_word' id='word_1_2' title='bbox 514 543 640 598; x_wconf 82' lang='lat' dir='ltr'>JULIUS</span> <span class='ocrx_word' id='word_1_3' title='bbox 655 547 790 601; x_wconf 77' lang='lat' dir='ltr'><strong>cAEsAn.</strong></span> <span class='ocrx_word' id='word_1_4' title='bbox 1108 548 1145 613; x_wconf 74' lang='lat'><strong>43</strong></span> 
     </span>
     <span class='ocr_line' id='line_1_2' title="bbox 104 657 1144 761; baseline 0.011 -35"><span class='ocrx_word' id='word_1_5' title='bbox 104 657 285 752; x_wconf 81' lang='lat' dir='ltr'><strong>‹lispersim</strong></span> <span class='ocrx_word' id='word_1_6' title='bbox 303 675 401 730; x_wconf 86' lang='lat' dir='ltr'><strong>autea</strong></span> <span class='ocrx_word' id='word_1_7' title='bbox 420 661 546 751; x_wconf 84' lang='lat' dir='ltr'><strong>habite,</strong></span> <span class='ocrx_word' id='word_1_8' title='bbox 566 681 599 732; x_wconf 92' lang='lat' dir='ltr'><strong>et</strong></span> <span class='ocrx_word' id='word_1_9' title='bbox 616 691 689 758; x_wconf 85' lang='lat' dir='ltr'><strong>quae</strong></span> <span class='ocrx_word' id='word_1_10' title='bbox 708 691 793 760; x_wconf 83' lang='lat' dir='ltr'><strong>saepe</strong></span> <span class='ocrx_word' id='word_1_11' title='bbox 816 667 885 736; x_wconf 89' lang='lat' dir='ltr'><strong>bini</strong></span> <span class='ocrx_word' id='word_1_12' title='bbox 905 669 1030 736; x_wconf 81' lang='lat' dir='ltr'><strong>ternive</strong></span> <span class='ocrx_word' id='word_1_13' title='bbox 1048 693 1144 761; x_wconf 91' lang='lat' dir='ltr'><strong>cepe·</strong></span> 
     </span>
     <span class='ocr_line' id='line_1_3' title="bbox 103 779 1144 880; baseline 0.01 -36"><span class='ocrx_word' id='word_1_14' title='bbox 103 793 203 864; x_wconf 79' lang='lat' dir='ltr'><strong>rant,</strong></span> <span class='ocrx_word' id='word_1_15' title='bbox 217 779 254 846; x_wconf 92' lang='lat' dir='ltr'><strong>in</strong></span> <span class='ocrx_word' id='word_1_16' title='bbox 276 803 382 850; x_wconf 92' lang='lat' dir='ltr'><strong>unum</strong></span> <span class='ocrx_word' id='word_1_17' title='bbox 404 807 519 852; x_wconf 88' lang='lat' dir='ltr'><strong>omnes</strong></span> <span class='ocrx_word' id='word_1_18' title='bbox 542 783 777 854; x_wconf 86' lang='lat' dir='ltr'><strong>contuleruut:</strong></span> <span class='ocrx_word' id='word_1_19' title='bbox 802 810 844 854; x_wconf 89' lang='lat' dir='ltr'><strong>ne</strong></span> <span class='ocrx_word' id='word_1_20' title='bbox 870 784 994 880; x_wconf 93' lang='lat' dir='ltr'><strong>populo</strong></span> <span class='ocrx_word' id='word_1_21' title='bbox 1009 786 1144 880; x_wconf 93' lang='lat' dir='ltr'><strong>quidem</strong></span> 
     </span>
     <span class='ocr_line' id='line_1_4' title="bbox 99 897 1145 1000; baseline 0.011 -38"><span class='ocrx_word' id='word_1_22' title='bbox 99 897 175 988; x_wconf 85' lang='lat' dir='ltr'><strong>jam</strong></span> <span class='ocrx_word' id='word_1_23' title='bbox 188 900 345 991; x_wconf 69' lang='lat' dir='ltr'><strong>presenti</strong></span> <span class='ocrx_word' id='word_1_24' title='bbox 363 913 452 970; x_wconf 87' lang='lat' dir='ltr'><strong>statu</strong></span> <span class='ocrx_word' id='word_1_25' title='bbox 470 899 559 992; x_wconf 83' lang='lat' dir='ltr'><strong>laeto,</strong></span> <span class='ocrx_word' id='word_1_26' title='bbox 579 903 636 972; x_wconf 84' lang='lat' dir='ltr'><strong>sed</strong></span> <span class='ocrx_word' id='word_1_27' title='bbox 653 902 738 976; x_wconf 84' lang='lat' dir='ltr'><strong>clam</strong></span> <span class='ocrx_word' id='word_1_28' title='bbox 755 903 929 1000; x_wconf 82' lang='lat' dir='ltr'><strong>palamque</strong></span> <span class='ocrx_word' id='word_1_29' title='bbox 942 905 1145 975; x_wconf 84' lang='lat' dir='ltr'><strong>detrectante</strong></span> 
     </span>
    </p>
   </div>
   <div class='ocr_carea' id='block_1_2' title="bbox 103 1015 1145 1238">
    <p class='ocr_par' dir='ltr' id='par_1_2' title="bbox 103 1015 1145 1238">
     <span class='ocr_line' id='line_1_5' title="bbox 103 1015 1145 1121; baseline 0.012 -37"><span class='ocrx_word' id='word_1_30' title='bbox 103 1015 389 1108; x_wconf 81' lang='lat' dir='ltr'><strong>dominationem,</strong></span> <span class='ocrx_word' id='word_1_31' title='bbox 421 1036 521 1116; x_wconf 85' lang='lat' dir='ltr'><strong>etque</strong></span> <span class='ocrx_word' id='word_1_32' title='bbox 545 1040 723 1096; x_wconf 77' lang='lat' dir='ltr'><strong>assertores</strong></span> <span class='ocrx_word' id='word_1_33' title='bbox 752 1026 930 1120; x_wconf 83' lang='lat' dir='ltr'><strong>flagitante.</strong></span> <span class='ocrx_word' id='word_1_34' title='bbox 959 1028 1145 1121; x_wconf 75' lang='lat' dir='ltr'><strong>peregrinis</strong></span> 
     </span>
     <span class='ocr_line' id='line_1_6' title="bbox 103 1136 1145 1238; baseline 0.01 -34"><span class='ocrx_word' id='word_1_35' title='bbox 103 1136 141 1204; x_wconf 94' lang='lat' dir='ltr'><strong>in</strong></span> <span class='ocrx_word' id='word_1_36' title='bbox 160 1153 316 1206; x_wconf 85' lang='lat' dir='ltr'><strong>senatum</strong></span> <span class='ocrx_word' id='word_1_37' title='bbox 333 1137 473 1229; x_wconf 87' lang='lat' dir='ltr'><strong>allectis,</strong></span> <span class='ocrx_word' id='word_1_38' title='bbox 487 1140 616 1212; x_wconf 83' lang='lat' dir='ltr'><strong>libellus</strong></span> <span class='ocrx_word' id='word_1_39' title='bbox 631 1147 821 1238; x_wconf 86' lang='lat' dir='ltr'><strong>propositus</strong></span> <span class='ocrx_word' id='word_1_40' title='bbox 831 1159 880 1214; x_wconf 86' lang='lat' dir='ltr'><strong>est</strong></span> <span class='ocrx_word' id='word_1_41' title='bbox 893 1169 901 1213; x_wconf 74' lang='grc' dir='ltr'><strong>ε</strong></span> <span class='ocrx_word' id='word_1_42' title='bbox 914 1147 1065 1214; x_wconf 71' lang='lat' dir='ltr'><strong>«Bonum</strong></span> <span class='ocrx_word' id='word_1_43' title='bbox 1082 1145 1145 1214; x_wconf 87' lang='lat' dir='ltr'><strong>fac·</strong></span> 
     </span>
    </p>
   </div>
   <div class='ocr_carea' id='block_1_3' title="bbox 103 1259 1145 1471">
    <p class='ocr_par' dir='ltr' id='par_1_3' title="bbox 103 1259 1145 1471">
     <span class='ocr_line' id='line_1_7' title="bbox 103 1259 1145 1351; baseline 0.007 -29"><span class='ocrx_word' id='word_1_44' title='bbox 103 1270 209 1324; x_wconf 91' lang='lat' dir='ltr'><strong>tum:</strong></span> <span class='ocrx_word' id='word_1_45' title='bbox 230 1259 365 1351; x_wconf 86' lang='lat' dir='ltr'><strong>nequis</strong></span> <span class='ocrx_word' id='word_1_46' title='bbox 391 1263 535 1330; x_wconf 85' lang='lat' dir='ltr'><strong>senatori</strong></span> <span class='ocrx_word' id='word_1_47' title='bbox 561 1289 649 1332; x_wconf 89' lang='lat' dir='ltr'><strong>novo</strong></span> <span class='ocrx_word' id='word_1_48' title='bbox 670 1266 797 1334; x_wconf 88' lang='lat' dir='ltr'><strong>curiam</strong></span> <span class='ocrx_word' id='word_1_49' title='bbox 826 1278 1010 1333; x_wconf 82' lang='lat' dir='ltr'><strong>monstrare</strong></span> <span class='ocrx_word' id='word_1_50' title='bbox 1031 1261 1145 1332; x_wconf 81' lang='lat' dir='ltr'><strong>velit.»</strong></span> 
     </span>
     <span class='ocr_line' id='line_1_8' title="bbox 103 1373 591 1471; baseline 0.018 -29"><span class='ocrx_word' id='word_1_51' title='bbox 103 1377 148 1442; x_wconf 87' lang='lat' dir='ltr'><strong>Et</strong></span> <span class='ocrx_word' id='word_1_52' title='bbox 167 1373 230 1444; x_wconf 80' lang='lat' dir='ltr'><strong>illa</strong></span> <span class='ocrx_word' id='word_1_53' title='bbox 245 1375 345 1471; x_wconf 82' lang='lat' dir='ltr'><strong>vulgo</strong></span> <span class='ocrx_word' id='word_1_54' title='bbox 363 1381 568 1450; x_wconf 83' lang='lat' dir='ltr'><strong>canebantur</strong></span> <span class='ocrx_word' id='word_1_55' title='bbox 583 1409 591 1450; x_wconf 91' lang='lat'>:</span> 
     </span>
    </p>
   </div>
   <div class='ocr_carea' id='block_1_4' title="bbox 189 1581 1025 1752">
    <p class='ocr_par' dir='ltr' id='par_1_4' title="bbox 189 1581 1025 1752">
     <span class='ocr_line' id='line_1_9' title="bbox 189 1581 999 1660; baseline 0.011 -25"><span class='ocrx_word' id='word_1_56' title='bbox 189 1581 289 1636; x_wconf 82' lang='lat' dir='ltr'><strong>Gallos</strong></span> <span class='ocrx_word' id='word_1_57' title='bbox 304 1581 393 1638; x_wconf 71' lang='lat' dir='ltr'><strong>Cesar</strong></span> <span class='ocrx_word' id='word_1_58' title='bbox 403 1583 438 1656; x_wconf 54' lang='lat' dir='ltr'><strong>⁴in</strong></span> <span class='ocrx_word' id='word_1_59' title='bbox 455 1585 625 1660; x_wconf 87' lang='lat' dir='ltr'><strong>triumphum</strong></span> <span class='ocrx_word' id='word_1_60' title='bbox 642 1587 732 1657; x_wconf 85' lang='lat' dir='ltr'><strong>ducit,</strong></span> <span class='ocrx_word' id='word_1_61' title='bbox 746 1587 822 1644; x_wconf 88' lang='lat' dir='ltr'><strong>idem</strong></span> <span class='ocrx_word' id='word_1_62' title='bbox 837 1588 867 1643; x_wconf 89' lang='lat' dir='ltr'><strong>iu</strong></span> <span class='ocrx_word' id='word_1_63' title='bbox 884 1587 999 1644; x_wconf 82' lang='lat' dir='ltr'><strong>curiam.</strong></span> 
     </span>
     <span class='ocr_line' id='line_1_10' title="bbox 189 1673 1025 1752; baseline 0.008 -25"><span class='ocrx_word' id='word_1_64' title='bbox 189 1673 268 1728; x_wconf 83' lang='lat' dir='ltr'><strong>Galli</strong></span> <span class='ocrx_word' id='word_1_65' title='bbox 282 1673 378 1730; x_wconf 78' lang='lat' dir='ltr'><strong>bracas</strong></span> <span class='ocrx_word' id='word_1_66' title='bbox 393 1675 595 1750; x_wconf 87' lang='lat' dir='ltr'><strong>deposuerunt,</strong></span> <span class='ocrx_word' id='word_1_67' title='bbox 611 1679 699 1734; x_wconf 82' lang='lat' dir='ltr'><strong>letum</strong></span> <span class='ocrx_word' id='word_1_68' title='bbox 713 1681 824 1736; x_wconf 78' lang='lat' dir='ltr'><strong>clavum</strong></span> <span class='ocrx_word' id='word_1_69' title='bbox 839 1689 1025 1752; x_wconf 83' lang='lat' dir='ltr'><strong>sumpserunt</strong></span> 
     </span>
    </p>
   </div>
   <div class='ocr_carea' id='block_1_5' title="bbox 106 1857 1144 2674">
    <p class='ocr_par' dir='ltr' id='par_1_5' title="bbox 106 1857 1144 2674">
     <span class='ocr_line' id='line_1_11' title="bbox 106 1857 1143 1955; baseline 0.005 -30"><span class='ocrx_word' id='word_1_70' title='bbox 106 1859 150 1946; x_wconf 87' lang='lat' dir='ltr'><strong>Q.</strong></span> <span class='ocrx_word' id='word_1_71' title='bbox 172 1858 325 1926; x_wconf 83' lang='lat' dir='ltr'><strong>Maximo</strong></span> <span class='ocrx_word' id='word_1_72' title='bbox 338 1857 496 1946; x_wconf 80' lang='lat' dir='ltr'><strong>suffecto,</strong></span> <span class='ocrx_word' id='word_1_73' title='bbox 516 1863 740 1955; x_wconf 88' lang='lat' dir='ltr'><strong>trimestrique</strong></span> <span class='ocrx_word' id='word_1_74' title='bbox 759 1861 895 1931; x_wconf 83' lang='lat' dir='ltr'><strong>consule</strong></span> <span class='ocrx_word' id='word_1_75' title='bbox 912 1863 1079 1932; x_wconf 85' lang='lat' dir='ltr'><strong>theatrum</strong></span> <span class='ocrx_word' id='word_1_76' title='bbox 1092 1863 1143 1930; x_wconf 92' lang='lat' dir='ltr'><strong>in·</strong></span> 
     </span>
     <span class='ocr_line' id='line_1_12' title="bbox 106 1976 1143 2075; baseline 0.003 -29"><span class='ocrx_word' id='word_1_77' title='bbox 106 1991 283 2062; x_wconf 85' lang='lat' dir='ltr'><strong>uoeunte,</strong></span> <span class='ocrx_word' id='word_1_78' title='bbox 294 2001 397 2070; x_wconf 91' lang='lat' dir='ltr'><strong>quum</strong></span> <span class='ocrx_word' id='word_1_79' title='bbox 413 1976 512 2046; x_wconf 86' lang='lat' dir='ltr'><strong>lictor</strong></span> <span class='ocrx_word' id='word_1_80' title='bbox 525 1979 743 2050; x_wconf 86' lang='lat' dir='ltr'><strong>animadverti</strong></span> <span class='ocrx_word' id='word_1_81' title='bbox 762 2005 801 2050; x_wconf 83' lang='lat' dir='ltr'><strong>ex</strong></span> <span class='ocrx_word' id='word_1_82' title='bbox 819 2005 911 2052; x_wconf 87' lang='lat' dir='ltr'><strong>more</strong></span> <span class='ocrx_word' id='word_1_83' title='bbox 926 1982 1143 2075; x_wconf 85' lang='lat' dir='ltr'><strong>jussisset‚ab</strong></span> 
     </span>
     <span class='ocr_line' id='line_1_13' title="bbox 107 2096 1140 2188; baseline 0.005 -22"><span class='ocrx_word' id='word_1_84' title='bbox 107 2098 275 2166; x_wconf 82' lang='lat' dir='ltr'><strong>universis</strong></span> <span class='ocrx_word' id='word_1_85' title='bbox 300 2096 542 2168; x_wconf 87' lang='lat' dir='ltr'><strong>conclamatum</strong></span> <span class='ocrx_word' id='word_1_86' title='bbox 569 2115 633 2188; x_wconf 87' lang='lat' dir='ltr'><strong>est,</strong></span> <span class='ocrx_word' id='word_1_87' title='bbox 664 2125 732 2170; x_wconf 91' lang='lat' dir='ltr'><strong>non</strong></span> <span class='ocrx_word' id='word_1_88' title='bbox 759 2125 829 2172; x_wconf 87' lang='lat' dir='ltr'><strong>esse</strong></span> <span class='ocrx_word' id='word_1_89' title='bbox 858 2101 1026 2172; x_wconf 89' lang='lat' dir='ltr'><strong>consulem</strong></span> <span class='ocrx_word' id='word_1_90' title='bbox 1044 2123 1140 2172; x_wconf 79' lang='lat' dir='ltr'><strong>eum.</strong></span> 
     </span>
     <span class='ocr_line' id='line_1_14' title="bbox 106 2221 1140 2317; baseline 0.003 -29"><span class='ocrx_word' id='word_1_91' title='bbox 106 2223 191 2288; x_wconf 82' lang='lat' dir='ltr'><strong>Post</strong></span> <span class='ocrx_word' id='word_1_92' title='bbox 208 2233 353 2288; x_wconf 79' lang='lat' dir='ltr'><strong>remotos</strong></span> <span class='ocrx_word' id='word_1_93' title='bbox 372 2221 547 2290; x_wconf 85' lang='lat' dir='ltr'><strong>Caesetium</strong></span> <span class='ocrx_word' id='word_1_94' title='bbox 565 2236 599 2290; x_wconf 88' lang='lat' dir='ltr'><strong>et</strong></span> <span class='ocrx_word' id='word_1_95' title='bbox 623 2221 805 2292; x_wconf 85' lang='lat' dir='ltr'><strong>Marullum</strong></span> <span class='ocrx_word' id='word_1_96' title='bbox 829 2224 996 2311; x_wconf 87' lang='lat' dir='ltr'><strong>tribunos,</strong></span> <span class='ocrx_word' id='word_1_97' title='bbox 1014 2237 1140 2317; x_wconf 87' lang='lat' dir='ltr'><strong>reperta</strong></span> 
     </span>
     <span class='ocr_line' id='line_1_15' title="bbox 107 2339 1143 2437; baseline 0.002 -29"><span class='ocrx_word' id='word_1_98' title='bbox 107 2355 189 2408; x_wconf 80' lang='lat' dir='ltr'><strong>sunt</strong></span> <span class='ocrx_word' id='word_1_99' title='bbox 205 2339 366 2434; x_wconf 84' lang='lat' dir='ltr'><strong>proximis</strong></span> <span class='ocrx_word' id='word_1_100' title='bbox 383 2341 524 2409; x_wconf 88' lang='lat' dir='ltr'><strong>comitiis</strong></span> <span class='ocrx_word' id='word_1_101' title='bbox 542 2339 715 2436; x_wconf 89' lang='lat' dir='ltr'><strong>complura</strong></span> <span class='ocrx_word' id='word_1_102' title='bbox 728 2343 901 2437; x_wconf 81' lang='lat' dir='ltr'><strong>suffragia,</strong></span> <span class='ocrx_word' id='word_1_103' title='bbox 920 2341 1069 2413; x_wconf 90' lang='lat' dir='ltr'><strong>consules</strong></span> <span class='ocrx_word' id='word_1_104' title='bbox 1087 2367 1143 2410; x_wconf 87' lang='lat' dir='ltr'><strong>eos</strong></span> 
     </span>
     <span class='ocr_line' id='line_1_16' title="bbox 106 2457 1144 2555; baseline 0.002 -27"><span class='ocrx_word' id='word_1_105' title='bbox 106 2457 361 2528; x_wconf 82' lang='lat' dir='ltr'><strong>declarantium.</strong></span> <span class='ocrx_word' id='word_1_106' title='bbox 379 2459 609 2555; x_wconf 86' lang='lat' dir='ltr'><strong>Subscripsere</strong></span> <span class='ocrx_word' id='word_1_107' title='bbox 621 2461 756 2554; x_wconf 88' lang='lat' dir='ltr'><strong>quidam</strong></span> <span class='ocrx_word' id='word_1_108' title='bbox 764 2465 803 2531; x_wconf 88' lang='lat' dir='ltr'><strong>L.</strong></span> <span class='ocrx_word' id='word_1_109' title='bbox 815 2465 909 2532; x_wconf 87' lang='lat' dir='ltr'><strong>Bruti</strong></span> <span class='ocrx_word' id='word_1_110' title='bbox 923 2478 1058 2532; x_wconf 82' lang='lat' dir='ltr'><strong>statuae:</strong></span> <span class='ocrx_word' id='word_1_111' title='bbox 1073 2463 1144 2530; x_wconf 90' lang='lat' dir='ltr'><strong>Uti·</strong></span> 
     </span>
     <span class='ocr_line' id='line_1_17' title="bbox 107 2579 876 2674; baseline 0.001 -26"><span class='ocrx_word' id='word_1_112' title='bbox 107 2599 184 2648; x_wconf 83' lang='lat' dir='ltr'><strong>nam</strong></span> <span class='ocrx_word' id='word_1_113' title='bbox 197 2579 337 2647; x_wconf 86' lang='lat' dir='ltr'><strong>viveres.</strong></span> <span class='ocrx_word' id='word_1_114' title='bbox 357 2582 442 2648; x_wconf 90' lang='lat' dir='ltr'><strong>Item</strong></span> <span class='ocrx_word' id='word_1_115' title='bbox 461 2581 564 2674; x_wconf 87' lang='lat' dir='ltr'><strong>ipsius</strong></span> <span class='ocrx_word' id='word_1_116' title='bbox 583 2582 721 2652; x_wconf 77' lang='lat' dir='ltr'><strong>caesaris</strong></span> <span class='ocrx_word' id='word_1_117' title='bbox 739 2595 876 2650; x_wconf 85' lang='lat' dir='ltr'><strong>statuae:</strong></span> 
     </span>
    </p>
   </div>
   <div class='ocr_carea' id='block_1_6' title="bbox 183 2763 1007 2936">
    <p class='ocr_par' dir='ltr' id='par_1_6' title="bbox 183 2763 1007 2936">
     <span class='ocr_line' id='line_1_18' title="bbox 183 2763 1007 2846; baseline -0.002 -20"><span class='ocrx_word' id='word_1_118' title='bbox 183 2773 301 2839; x_wconf 79' lang='lat' dir='ltr'><strong>Brutus,</strong></span> <span class='ocrx_word' id='word_1_119' title='bbox 318 2763 384 2844; x_wconf 81' lang='lat' dir='ltr'><strong>quir</strong></span> <span class='ocrx_word' id='word_1_120' title='bbox 400 2787 481 2844; x_wconf 76' lang='lat' dir='ltr'><strong>reges</strong></span> <span class='ocrx_word' id='word_1_121' title='bbox 496 2769 591 2842; x_wconf 84' lang='lat' dir='ltr'><strong>ejecit,</strong></span> <span class='ocrx_word' id='word_1_122' title='bbox 607 2773 707 2826; x_wconf 86' lang='lat' dir='ltr'><strong>consul</strong></span> <span class='ocrx_word' id='word_1_123' title='bbox 722 2772 829 2846; x_wconf 80' lang='lat' dir='ltr'><strong>primm</strong></span> <span class='ocrx_word' id='word_1_124' title='bbox 845 2771 932 2827; x_wconf 82' lang='lat' dir='ltr'><strong>laetus</strong></span> <span class='ocrx_word' id='word_1_125' title='bbox 949 2780 1007 2826; x_wconf 83' lang='lat' dir='ltr'><strong>est:</strong></span> 
     </span>
     <span class='ocr_line' id='line_1_19' title="bbox 184 2861 987 2936; baseline -0.002 -18"><span class='ocrx_word' id='word_1_126' title='bbox 184 2863 257 2932; x_wconf 74' lang='lat' dir='ltr'><strong>nic,</strong></span> <span class='ocrx_word' id='word_1_127' title='bbox 272 2863 337 2935; x_wconf 80' lang='lat' dir='ltr'><strong>qnia</strong></span> <span class='ocrx_word' id='word_1_128' title='bbox 354 2864 482 2918; x_wconf 84' lang='lat' dir='ltr'><strong>consules</strong></span> <span class='ocrx_word' id='word_1_129' title='bbox 501 2861 593 2936; x_wconf 85' lang='lat' dir='ltr'><strong>ejecit,</strong></span> <span class='ocrx_word' id='word_1_130' title='bbox 605 2881 657 2919; x_wconf 84' lang='lat' dir='ltr'><strong>rex</strong></span> <span class='ocrx_word' id='word_1_131' title='bbox 674 2873 820 2936; x_wconf 85' lang='lat' dir='ltr'><strong>postremo</strong></span> <span class='ocrx_word' id='word_1_132' title='bbox 835 2861 923 2918; x_wconf 80' lang='lat' dir='ltr'><strong>lactus</strong></span> <span class='ocrx_word' id='word_1_133' title='bbox 937 2873 987 2920; x_wconf 83' lang='lat' dir='ltr'><strong>est.</strong></span> 
     </span>
    </p>
   </div>
   <div class='ocr_carea' id='block_1_7' title="bbox 102 3044 1145 3976">
    <p class='ocr_par' dir='ltr' id='par_1_7' title="bbox 102 3044 1145 3976">
     <span class='ocr_line' id='line_1_20' title="bbox 105 3044 1141 3142; baseline -0.004 -25"><span class='ocrx_word' id='word_1_134' title='bbox 105 3048 346 3142; x_wconf 81' lang='lat' dir='ltr'><strong>Conspiratum</strong></span> <span class='ocrx_word' id='word_1_135' title='bbox 365 3061 414 3116; x_wconf 75' lang='lat' dir='ltr'><strong>est</strong></span> <span class='ocrx_word' id='word_1_136' title='bbox 431 3048 466 3114; x_wconf 90' lang='lat' dir='ltr'><strong>in</strong></span> <span class='ocrx_word' id='word_1_137' title='bbox 478 3071 555 3115; x_wconf 88' lang='lat' dir='ltr'><strong>eum</strong></span> <span class='ocrx_word' id='word_1_138' title='bbox 572 3071 592 3114; x_wconf 91' lang='lat' dir='ltr'><strong>a</strong></span> <span class='ocrx_word' id='word_1_139' title='bbox 609 3048 777 3140; x_wconf 82' lang='lat' dir='ltr'><strong>sexaginta</strong></span> <span class='ocrx_word' id='word_1_140' title='bbox 793 3044 999 3140; x_wconf 84' lang='lat' dir='ltr'><strong>amplius,.C.</strong></span> <span class='ocrx_word' id='word_1_141' title='bbox 1017 3049 1141 3132; x_wconf 87' lang='lat' dir='ltr'><strong>Cassio,</strong></span> 
     </span>
     <span class='ocr_line' id='line_1_21' title="bbox 106 3165 1142 3260; baseline -0.002 -26"><span class='ocrx_word' id='word_1_142' title='bbox 106 3169 290 3260; x_wconf 70' lang='lat' dir='ltr'><strong>Marcoque</strong></span> <span class='ocrx_word' id='word_1_143' title='bbox 310 3179 344 3233; x_wconf 89' lang='lat' dir='ltr'><strong>et</strong></span> <span class='ocrx_word' id='word_1_144' title='bbox 361 3169 404 3235; x_wconf 92' lang='lat' dir='ltr'><strong>D.</strong></span> <span class='ocrx_word' id='word_1_145' title='bbox 434 3167 538 3233; x_wconf 91' lang='lat' dir='ltr'><strong>Bruto</strong></span> <span class='ocrx_word' id='word_1_146' title='bbox 557 3165 763 3259; x_wconf 87' lang='lat' dir='ltr'><strong>principibus</strong></span> <span class='ocrx_word' id='word_1_147' title='bbox 786 3166 1048 3260; x_wconf 86' lang='lat' dir='ltr'><strong>conspirationis.</strong></span> <span class='ocrx_word' id='word_1_148' title='bbox 1073 3166 1142 3252; x_wconf 92' lang='lat' dir='ltr'><strong>Qui</strong></span> 
     </span>
     <span class='ocr_line' id='line_1_22' title="bbox 105 3282 1145 3379; baseline -0.004 -23"><span class='ocrx_word' id='word_1_149' title='bbox 105 3287 255 3379; x_wconf 85' lang='lat' dir='ltr'><strong>primum</strong></span> <span class='ocrx_word' id='word_1_150' title='bbox 272 3285 435 3372; x_wconf 79' lang='lat' dir='ltr'><strong>cunctati,</strong></span> <span class='ocrx_word' id='word_1_151' title='bbox 449 3298 605 3352; x_wconf 86' lang='lat' dir='ltr'><strong>utrumne</strong></span> <span class='ocrx_word' id='word_1_152' title='bbox 621 3282 716 3352; x_wconf 92' lang='lat' dir='ltr'><strong>illum</strong></span> <span class='ocrx_word' id='word_1_153' title='bbox 730 3285 764 3352; x_wconf 92' lang='lat' dir='ltr'><strong>in</strong></span> <span class='ocrx_word' id='word_1_154' title='bbox 778 3309 911 3379; x_wconf 84' lang='lat' dir='ltr'><strong>campo,</strong></span> <span class='ocrx_word' id='word_1_155' title='bbox 931 3309 992 3378; x_wconf 90' lang='lat' dir='ltr'><strong>per</strong></span> <span class='ocrx_word' id='word_1_156' title='bbox 1010 3285 1145 3353; x_wconf 87' lang='lat' dir='ltr'><strong>comitia</strong></span> 
     </span>
     <span class='ocr_line' id='line_1_23' title="bbox 104 3403 1143 3498; baseline -0.004 -24"><span class='ocrx_word' id='word_1_157' title='bbox 104 3405 211 3474; x_wconf 82' lang='lat' dir='ltr'><strong>tribus</strong></span> <span class='ocrx_word' id='word_1_158' title='bbox 234 3403 281 3472; x_wconf 78' lang='lat' dir='ltr'><strong>ad</strong></span> <span class='ocrx_word' id='word_1_159' title='bbox 301 3403 460 3498; x_wconf 71' lang='lat' dir='ltr'><strong>sutfragia</strong></span> <span class='ocrx_word' id='word_1_160' title='bbox 477 3419 671 3490; x_wconf 87' lang='lat' dir='ltr'><strong>vocantem,</strong></span> <span class='ocrx_word' id='word_1_161' title='bbox 693 3405 842 3498; x_wconf 86' lang='lat' dir='ltr'><strong>partibus</strong></span> <span class='ocrx_word' id='word_1_162' title='bbox 861 3403 975 3472; x_wconf 87' lang='lat' dir='ltr'><strong>divisis</strong></span> <span class='ocrx_word' id='word_1_163' title='bbox 1004 3428 1023 3471; x_wconf 88' lang='lat' dir='ltr'><strong>e</strong></span> <span class='ocrx_word' id='word_1_164' title='bbox 1041 3417 1143 3496; x_wconf 86' lang='lat' dir='ltr'><strong>ponte</strong></span> 
     </span>
     <span class='ocr_line' id='line_1_24' title="bbox 106 3521 1143 3618; baseline 0 -29"><span class='ocrx_word' id='word_1_165' title='bbox 106 3521 309 3618; x_wconf 69' lang='lat' dir='ltr'><strong>dirimerent,</strong></span> <span class='ocrx_word' id='word_1_166' title='bbox 327 3537 427 3616; x_wconf 87' lang='lat' dir='ltr'><strong>atque</strong></span> <span class='ocrx_word' id='word_1_167' title='bbox 436 3537 609 3617; x_wconf 86' lang='lat' dir='ltr'><strong>exceptum</strong></span> <span class='ocrx_word' id='word_1_168' title='bbox 619 3521 839 3609; x_wconf 88' lang='lat' dir='ltr'><strong>trucidarent;</strong></span> <span class='ocrx_word' id='word_1_169' title='bbox 859 3547 901 3590; x_wconf 89' lang='lat' dir='ltr'><strong>an</strong></span> <span class='ocrx_word' id='word_1_170' title='bbox 919 3525 953 3590; x_wconf 92' lang='lat' dir='ltr'><strong>in</strong></span> <span class='ocrx_word' id='word_1_171' title='bbox 967 3523 1143 3606; x_wconf 79' lang='lat' dir='ltr'><strong>Sacraria,</strong></span> 
     </span>
     <span class='ocr_line' id='line_1_25' title="bbox 106 3639 1142 3736; baseline -0.002 -28"><span class='ocrx_word' id='word_1_172' title='bbox 106 3642 157 3711; x_wconf 82' lang='lat' dir='ltr'><strong>vel</strong></span> <span class='ocrx_word' id='word_1_173' title='bbox 176 3646 211 3712; x_wconf 91' lang='lat' dir='ltr'><strong>in</strong></span> <span class='ocrx_word' id='word_1_174' title='bbox 229 3643 326 3712; x_wconf 83' lang='lat' dir='ltr'><strong>aditu</strong></span> <span class='ocrx_word' id='word_1_175' title='bbox 346 3643 466 3712; x_wconf 85' lang='lat' dir='ltr'><strong>theatri</strong></span> <span class='ocrx_word' id='word_1_176' title='bbox 485 3641 719 3712; x_wconf 88' lang='lat' dir='ltr'><strong>adorirentur:</strong></span> <span class='ocrx_word' id='word_1_177' title='bbox 740 3655 916 3736; x_wconf 85' lang='lat' dir='ltr'><strong>postquam</strong></span> <span class='ocrx_word' id='word_1_178' title='bbox 935 3653 1066 3710; x_wconf 87' lang='lat' dir='ltr'><strong>senatus</strong></span> <span class='ocrx_word' id='word_1_179' title='bbox 1081 3639 1142 3707; x_wconf 89' lang='lat' dir='ltr'><strong>idi·</strong></span> 
     </span>
     <span class='ocr_line' id='line_1_26' title="bbox 102 3757 1143 3856; baseline -0.006 -25"><span class='ocrx_word' id='word_1_180' title='bbox 102 3762 169 3831; x_wconf 82' lang='lat' dir='ltr'><strong>bus</strong></span> <span class='ocrx_word' id='word_1_181' title='bbox 188 3765 317 3831; x_wconf 84' lang='lat' dir='ltr'><strong>martiis</strong></span> <span class='ocrx_word' id='word_1_182' title='bbox 337 3763 372 3830; x_wconf 91' lang='lat' dir='ltr'><strong>in</strong></span> <span class='ocrx_word' id='word_1_183' title='bbox 388 3763 536 3856; x_wconf 86' lang='lat' dir='ltr'><strong>Pompeii</strong></span> <span class='ocrx_word' id='word_1_184' title='bbox 563 3762 690 3829; x_wconf 85' lang='lat' dir='ltr'><strong>curiam</strong></span> <span class='ocrx_word' id='word_1_185' title='bbox 711 3759 836 3829; x_wconf 83' lang='lat' dir='ltr'><strong>edictus</strong></span> <span class='ocrx_word' id='word_1_186' title='bbox 857 3774 923 3848; x_wconf 88' lang='lat' dir='ltr'><strong>est,</strong></span> <span class='ocrx_word' id='word_1_187' title='bbox 946 3757 1040 3828; x_wconf 84' lang='lat' dir='ltr'><strong>facile</strong></span> <span class='ocrx_word' id='word_1_188' title='bbox 1062 3773 1143 3826; x_wconf 89' lang='lat' dir='ltr'><strong>tem·</strong></span> 
     </span>
     <span class='ocr_line' id='line_1_27' title="bbox 103 3879 601 3976; baseline -0.002 -26"><span class='ocrx_word' id='word_1_189' title='bbox 103 3907 171 3972; x_wconf 88' lang='lat' dir='ltr'><strong>pus</strong></span> <span class='ocrx_word' id='word_1_190' title='bbox 194 3898 227 3950; x_wconf 87' lang='lat' dir='ltr'><strong>et</strong></span> <span class='ocrx_word' id='word_1_191' title='bbox 245 3881 356 3958; x_wconf 91' lang='lat' dir='ltr'><strong>locum</strong></span> <span class='ocrx_word' id='word_1_192' title='bbox 374 3879 601 3976; x_wconf 66' lang='lat' dir='ltr'><strong>praetulerunt.</strong></span> 
     </span>
    </p>
   </div>
   <div class='ocr_carea' id='block_1_8' title="bbox 104 3996 1143 4212">
    <p class='ocr_par' dir='ltr' id='par_1_8' title="bbox 104 3996 1143 4212">
     <span class='ocr_line' id='line_1_28' title="bbox 151 3996 1142 4092; baseline -0.006 -22"><span class='ocrx_word' id='word_1_193' title='bbox 151 4003 312 4070; x_wconf 83' lang='lat' dir='ltr'>LXXXI.</span> <span class='ocrx_word' id='word_1_194' title='bbox 331 4001 395 4070; x_wconf 85' lang='lat' dir='ltr'><strong>Sed</strong></span> <span class='ocrx_word' id='word_1_195' title='bbox 415 4003 537 4071; x_wconf 71' lang='lat' dir='ltr'><strong>Cesari</strong></span> <span class='ocrx_word' id='word_1_196' title='bbox 552 4002 665 4070; x_wconf 87' lang='lat' dir='ltr'><strong>futura</strong></span> <span class='ocrx_word' id='word_1_197' title='bbox 684 4000 787 4070; x_wconf 83' lang='lat' dir='ltr'><strong>caedes</strong></span> <span class='ocrx_word' id='word_1_198' title='bbox 803 4001 1010 4070; x_wconf 87' lang='lat' dir='ltr'><strong>evidentibus</strong></span> <span class='ocrx_word' id='word_1_199' title='bbox 1029 3996 1142 4092; x_wconf 89' lang='lat' dir='ltr'><strong>prodi-</strong></span> 
     </span>
     <span class='ocr_line' id='line_1_29' title="bbox 104 4116 1143 4212; baseline -0.006 -22"><span class='ocrx_word' id='word_1_200' title='bbox 104 4121 168 4212; x_wconf 78' lang='lat' dir='ltr'><strong>giis</strong></span> <span class='ocrx_word' id='word_1_201' title='bbox 184 4119 380 4189; x_wconf 81' lang='lat' dir='ltr'><strong>denuntiate</strong></span> <span class='ocrx_word' id='word_1_202' title='bbox 397 4135 457 4189; x_wconf 90' lang='lat' dir='ltr'><strong>est.</strong></span> <span class='ocrx_word' id='word_1_203' title='bbox 470 4122 596 4189; x_wconf 87' lang='lat' dir='ltr'><strong>Paucos</strong></span> <span class='ocrx_word' id='word_1_204' title='bbox 606 4136 682 4190; x_wconf 85' lang='lat' dir='ltr'><strong>aute</strong></span> <span class='ocrx_word' id='word_1_205' title='bbox 695 4145 838 4207; x_wconf 89' lang='lat' dir='ltr'><strong>menses,</strong></span> <span class='ocrx_word' id='word_1_206' title='bbox 856 4143 959 4212; x_wconf 89' lang='lat' dir='ltr'><strong>quum</strong></span> <span class='ocrx_word' id='word_1_207' title='bbox 972 4119 1006 4186; x_wconf 93' lang='lat' dir='ltr'><strong>in</strong></span> <span class='ocrx_word' id='word_1_208' title='bbox 1015 4116 1143 4186; x_wconf 87' lang='lat' dir='ltr'><strong>colonia</strong></span> 
     </span>
    </p>
   </div>
   <div class='ocr_carea' id='block_1_9' title="bbox 0 0 1574 5438">
    <p class='ocr_par' dir='ltr' id='par_1_9' title="bbox 0 0 1574 5438">
     <span class='ocr_line' id='line_1_30' title="bbox 0 0 1574 5438; baseline 0 0"><span class='ocrx_word' id='word_1_209' title='bbox 0 0 1574 5438; x_wconf 95' lang='lat' dir='ltr'><strong> </strong></span> 
     </span>
    </p>
   </div>
  </div>
 </body>
</html>
