3098 5446
418 485 455 541 36
711 483 743 541 C.
763 485 941 542 SUE'PONII
961 484 1169 541 vrrfflms.

416 611 508 679 mine
521 609 621 679 obvio
637 609 863 694 rimabantur,
879 624 916 678 ut
934 605 1144 704 fit,'singuia.
1160 609 1212 680 Ab
1230 608 1282 678 bis
1296 623 1452 678 extractus

417 754 437 799 e
455 728 601 819 latebra,
622 731 844 817 sciscitantes,
858 759 875 794 α
889 730 964 822 quis
977 744 1061 798 esset
1075 759 1092 794 a
1109 729 1201 824 (nam
1218 728 1454 824 ignorabatur),

415 863 450 918 et
466 878 484 914 α
501 849 558 918 ubi
572 873 642 918 esse
658 847 832 920 Vitellium
849 850 963 936 sciret,
978 879 995 916 o
1012 846 1324 920 mendacio'elusit:
1342 849 1454 918 deinde

415 973 571 1065 agnitus,
599 996 718 1066 rogare
743 997 811 1040 non
838 971 983 1057 destitit,
1007 971 1101 1064 quasi
1120 959 1271 1065 quadam
1290 969 1331 1040 de
1356 968 1455 1039 salute

415 1092 612 1184 Vespasiani
643 1089 816 1178 dicturus,
848 1108 887 1160 ut
915 1077 1138 1162 custodiretur
1173 1091 1307 1160 interim
1337 1089 1390 1160 vel
1426 1093 1455 1160 in

420 1235 554 1282 carcere
583 1211 722 1282 :donec
754 1210 901 1308 religatis
926 1229 1002 1307 post
1024 1227 1116 1308 terga
1142 1212 1315 1298 manibus,
1340 1213 1457 1306 injecto
1535 1203 1536 1264 ἶ

416 1333 601 1404 ceruicibus
626 1331 762 1428 laqueo,
787 1349 879 1404 veste
904 1333 1058 1422 discissa,
1077 1332 1268 1404 seminudus
1284 1335 1319 1403 in
1339 1338 1456 1402 Forum

416 1467 542 1524 tractus
563 1470 631 1545 est,
649 1457 740 1524 inter
757 1479 878 1550 magna
896 1480 1009 1526 rerum
1032 1455 1277 1548 verborumque
1297 1453 1456 1542 ludibria,
1535 1487 1536 1580 p

416 1597 477 1668 per
498 1590 604 1646 toturn
626 1578 688 1645 vire
718 1579 825 1647 Sacra
849 1579 1010 1672 spatium,
1044 1575 1181 1647 reducto
1209 1599 1305 1646 coma
1338 1577 1458 1672 capite,
1535 1583 1536 1672 i

416 1721 477 1766 ceu
511 1698 601 1767 noxii
631 1696 754 1784 solent,
784 1712 885 1792 atque
904 1701 1008 1768 etiarn
1036 1713 1149 1768 mento
1173 1701 1348 1767 mucrone
1364 1696 1458 1792 gladii

416 1817 593 1905 subrecto,
617 1833 655 1887 ut
674 1818 844 1888 visendam
865 1819 1027 1913 praeberet
1047 1819 1185 1906 faciem,
1204 1843 1288 1888 neve
1308 1821 1457 1887 summit·
1535 1839 1536 1844 ’

417 1952 516 2027 teret;
538 1939 738 2032 quibusdam
759 1953 903 2009 stercore
931 1955 965 2009 et
988 1964 1083 2008 coeno
1103 1940 1364 2028 incessantibus,
1392 1938 1459 2008 aliis

420 2059 664 2128 tbceudiurtitm
683 2075 717 2127 et
730 2061 942 2154 pattiran‘um
962 2059 1243 2149 uociferantibus,
1262 2075 1358 2154 parte
1374 2059 1459 2154 vulgi

418 2179 518 2248 etiam
540 2180 691 2274 corporis
711 2181 791 2248 vitia
809 2180 1030 2274 exprobrante
1045 2181 1135 2275 (erat
1152 2181 1241 2248 enirn
1261 2182 1297 2248 in
1309 2205 1351 2250 eo
1370 2205 1460 2249 enor-

420 2299 483 2366 mis
512 2301 711 2393 proceritas,
730 2299 829 2368 facies
845 2296 967 2368 rubida
986 2299 1185 2394 plerumque
1205 2325 1244 2369 ex
1257 2299 1458 2384 uincienda,

416 2435 536 2488 venter
555 2420 691 2508 obesus,
711 2418 853 2490 alterum
880 2420 988 2489 femur
1008 2420 1368 2516 subdebile,¹inrpulsu
1384 2421 1457 2490 olim
1535 2399 1536 2442 t

417 2538 605 2634 quadriga,
629 2563 732 2632 quum
756 2541 922 2634 auriganti
948 2540 1030 2610 Caio
1051 2541 1314 2610 ministratorem
1332 2541 1458 2610 exhibe·
1535 2519 1536 2526 i

417 2659 489 2754 ret)
504 2712 513 2745 ,
527 2660 661 2730 tandem
687 2660 777 2756 apud
801 2661 983 2729 Gemonias
1007 2661 1237 2731 minutissimis
1257 2662 1381 2731 ictibus
1407 2687 1460 2730 ex·

416 2779 627 2849 carnificatus
652 2796 753 2874 atque
774 2779 946 2850 confectus
973 2794 1040 2868 est,
1066 2795 1100 2850 et
1124 2781 1202 2850 inde
1228 2806 1318 2852 unco
1340 2797 1461 2852 tractus

416 2901 450 2968 in
467 2901 625 2972 Tiberim.

466 3025 593 3094 xvttl.
621 3027 724 3096 Periit
742 3051 821 3096 cum
842 3029 944 3098 fratre
966 3045 999 3099 et
1016 3029 1100 3118 filio,
1122 3055 1210 3099 anno
1228 3029 1303 3097 vitae
1322 3031 1463 3125 septimo

418 3155 451 3210 et
475 3146 752 3240 quinquagesimo
774 3175 782 3218 :
803 3174 864 3218 nec
890 3149 1007 3219 fefellit
1032 3151 1224 3243 conjectura
1246 3153 1384 3238 eorum,
1408 3149 1464 3244 qui

418 3265 579 3358 augurio,
594 3266 684 3360 quod
703 3268 827 3338 sactum
847 3273 877 3339 ei
897 3273 1037 3340 Viennae
1051 3271 1277 3353 ostendimus,
1292 3296 1361 3341 non
1375 3268 1465 3340 aliud

415 3382 573 3476 portendi
597 3386 837 3480 predixerant,
853 3414 954 3483 quam
979 3405 1157 3461 venturum
1176 3393 1211 3460 in
1238 3390 1381 3485 alicujus
1398 3389 1467 3486 gal·

414 3501 514 3573 licani
528 3504 673 3575 hominis
687 3523 881 3601 potestatem
897 3535 906 3578 ε
923 3511 1087 3604 siquidem
1107 3511 1149 3580 ab
1170 3513 1318 3581 Antonio
1333 3513 1465 3597 Primo,

415 3625 628 3696 adversarum
655 3631 801 3723 partium
828 3629 928 3717 duee,
955 3655 1133 3725 oppressus
1163 3648 1229 3720 est,
1257 3633 1311 3700 cui
1338 3633 1470 3701 Tolosae

415 3762 494 3816 nato
506 3773 693 3844 cognomen
712 3752 746 3818 in
765 3753 907 3845 pueritia
925 3755 1033 3822 Becco
1056 3751 1172 3822 iuerat.
1196 3753 1236 3822 ld
1257 3751 1343 3824 valet
1372 3751 1470 3849 galii-

415 3892 510 3938 nacet
525 3885 682 3940 rostrum.

784 4057 1062 4081 ..-4--
1075 4066 1092 4072 ,-
