3108 5434
406 479 459 526 ιη
810 469 841 522 C.
863 465 1038 522 sult'mrtn

401 591 556 688 gentibus
577 591 681 686 copiis
702 588 937 678 asdrubalem,
959 589 1152 684 priusquam
1171 586 1328 658 Annibali
1348 585 1443 656 fratri

400 711 672 806 conjungeretur,
686 710 861 806 oppressit.
876 713 1003 780 Contra
1018 707 1180 779 Claudius
1192 710 1318 804 Appius
1331 707 1443 802 Regil-

400 827 514 918 lanus,
531 832 706 900 Decemvir
723 827 851 924 legibus
869 828 1066 926 scribendis,
1085 829 1247 923 virginem
1264 829 1442 922 ingenuam

400 972 460 1041 per
472 949 552 1037 vim,
565 945 710 1018 lihidinis
724 950 847 1044 gratia,
864 950 898 1018 in
917 949 1108 1018 servitutem
1125 927 1268 1016 asserere
1283 961 1441 1032 mustus,

398 1090 497 1135 causa
523 1065 611 1161 plebi
636 1066 701 1136 lirit
727 1067 898 1138 secedendi
920 1091 1036 1136 rursus
1055 1092 1076 1136 a
1096 1066 1258 1136 Patribus.
1279 1063 1442 1137 Claudius

398 1185 544 1272 Drusus,
563 1199 672 1257 statua
690 1187 751 1256 sibi
769 1212 846 1256 cum
865 1187 1050 1256 diademate
1069 1186 1111 1258 ad
1126 1187 1226 1282 Appii
1242 1190 1366 1256 Forum
1380 1211 1443 1280 po-

398 1305 480 1394 sita,
502 1303 632 1376 Italiam
657 1330 717 1401 per
741 1305 909 1378 clientelas
927 1331 1091 1404 occupem
1105 1307 1259 1376 tentavit.
1279 1303 1440 1376 Claudius

397 1423 541 1495 Pulcher
562 1424 660 1521 apud
678 1425 838 1513 Siciliam,
858 1453 927 1496 nou
948 1427 1159 1524 pascentibus
1181 1428 1216 1494 in
1236 1423 1440 1520 auspicando

397 1541 517 1638 pullis,
531 1569 570 1614 ac
584 1569 646 1642 per
658 1560 862 1616 contemtum
877 1543 1045 1642 religionis
1059 1546 1143 1614 mari
1159 1545 1329 1633 demersis,
1343 1547 1440 1638 quasi

399 1679 438 1734 ut
454 1665 623 1756 biberant,
644 1668 778 1763 quando
792 1693 862 1738 esse
877 1665 1020 1757 nollent,
1037 1647 1188 1764 praelium
1207 1664 1321 1736 navale
1337 1667 1437 1735 iniit:

398 1800 652 1880 superatusque,
673 1811 777 1880 quum
796 1787 990 1858 dictatorem
1011 1788 1119 1856 dicere
1134 1811 1155 1854 a
1170 1800 1287 1856 senatu
1302 1785 1439 1879 jubere-

399 1918 470 1993 tur,
494 1902 586 1975 velut
610 1907 732 1976 iterum
757 1904 898 1980 illudens
918 1905 1102 1978 discrimini
1122 1903 1276 2001 publico,
1295 1902 1439 1976 Gliciam

400 2023 559 2092 viatorem
576 2050 673 2094 suum
688 2026 780 2094 dixit.
793 2030 935 2098 Exstant
953 2028 987 2094 et
1002 2024 1201 2094 feminarum
1214 2021 1376 2119 exempla,
1390 2023 1440 2094 di·

399 2167 493 2212 versa
514 2169 606 2238 teque
629 2171 637 2212 :
661 2145 823 2238 siquidem
847 2147 954 2240 gentis
973 2145 1120 2239 ejusdem
1138 2159 1278 2238 utraque
1298 2141 1439 2214 Claudia

398 2261 480 2350 suit,
497 2277 530 2332 et
547 2287 621 2356 quae
634 2288 750 2350 navem
764 2289 842 2336 cum
855 2267 955 2335 sacris
970 2243 1084 2338 metrii
1099 2267 1210 2336 Deum
1223 2261 1316 2332 ldaeae
1330 2262 1439 2332 oblue-

397 2395 525 2450 reutem
545 2382 701 2454 Tiberino
725 2382 810 2452 vado
830 2385 986 2470 extraxit,
1005 2397 1138 2478 precata
1161 2380 1348 2478 propalam,
1370 2396 1439 2450 out

397 2502 443 2570 ita
464 2500 597 2571 demum
617 2527 651 2570 se
671 2518 882 2596 sequeretur,
903 2505 931 2573 si
954 2503 1015 2572 sibi
1037 2502 1197 2598 pudicitia
1216 2515 1402 2588 constaret3
1419 2531 1439 2568 a

396 2634 430 2690 et
455 2645 527 2714 quae
552 2647 640 2693 novo
661 2645 752 2691 more
773 2623 938 2718 judicium
961 2623 1140 2719 majestatis
1162 2621 1252 2718 apud
1273 2620 1437 2718 populum

396 2739 516 2810 mulier
532 2741 653 2828 subiit,
671 2743 761 2836 quod
779 2745 812 2812 iu
830 2743 978 2813 conserta
991 2741 1203 2812 multitudiue
1217 2767 1302 2838 segre
1318 2767 1437 2837 proce·

395 2858 494 2930 dente
519 2877 677 2955 carpento
698 2862 808 2958 palam
830 2877 1019 2959 optaverat,
1044 2877 1115 2934 out
1138 2861 1239 2936 frater
1259 2888 1339 2932 suus
1354 2859 1437 2932 Pul·

394 2979 474 3048 cher
497 2983 725 3072 revivisceret,
746 2997 845 3076 atque
869 2984 990 3053 iterum
1010 2981 1146 3054 classem
1165 2983 1344 3068 amitteret,
1364 3009 1436 3076 quo

395 3099 505 3168 minor
535 3100 633 3168 turba
661 3105 775 3170 Romae
798 3100 893 3172 soret.
912 3133 929 3168 a
954 3105 1115 3174 Praeterea
1134 3103 1340 3172 notissimum
1363 3117 1436 3190 est,

394 3219 550 3290 Claudios
576 3248 709 3310 omues,
734 3241 872 3322 excepto
895 3225 1054 3296 duntaxat
1075 3229 1111 3296 P.
1133 3224 1266 3315 Clodio,
1289 3227 1365 3320 qui,
1388 3227 1435 3296 ob

393 3339 624 3436 expellendum
649 3345 740 3416 Urbe
764 3347 974 3436 Ciceronem,
1003 3345 1132 3442 plebeio
1160 3346 1305 3431 homiui,
1332 3359 1435 3439 atque

392 3461 492 3532 etiam
514 3477 594 3533 natu
617 3467 756 3554 minori,
783 3469 817 3536 iu
840 3467 1051 3564 adoptionem
1074 3493 1109 3538 se
1128 3467 1237 3557 dedit,
1252 3453 1437 3563 'optimates

392 3596 634 3679 assertoresque
659 3587 775 3654 unicos
792 3585 960 3682 dignitatis
979 3614 1018 3658 ac
1042 3590 1196 3683 potentine
1217 3589 1438 3683 patriciorum

392 3725 521 3795 semper
541 3703 661 3792 luisse,
680 3719 779 3798 atque
796 3705 953 3776 adversus
972 3705 1099 3802 plebem
1119 3707 1201 3777 adeo
1220 3706 1382 3779 violentos
1401 3725 1437 3778 et

392 3833 620 3912 contumaces,
645 3839 682 3894 ut
706 3850 747 3892 ne
768 3825 884 3919 capitis
904 3826 1038 3921 quidem
1056 3830 1231 3923 quisquam
1251 3853 1326 3898 reus
1342 3829 1438 3923 apud

392 3940 553 4036 populum
570 3959 699 4014 mutare
714 3961 836 4016 vestem
847 4001 856 4037 ,
869 3964 927 4018 aut
940 3949 1108 4044 deprecari
1124 3949 1333 4036 sustinuerit;
1349 3973 1439 4018 non-

392 4057 471 4128 nulli
492 4064 525 4130 iu
545 4065 758 4136 altercatione
776 4083 808 4137 et
831 4071 944 4165 jurgio
965 4070 1133 4140 Tribunos
1154 4067 1257 4164 plebis
1277 4068 1436 4165 pulsave-
