3098 5446
394 489 450 544 262
801 483 830 537 C.
853 481 1026 539 SUETONII

393 613 456 682 Cui
482 611 550 703 spei
579 608 734 702 pronior,
768 607 938 676 Britannia
965 605 1183 697 Armeniaque
1209 605 1349 691 amissa,
1380 633 1421 676 ac

391 753 507 797 rursus
527 743 665 821 utraque
692 740 837 820 recepta,
866 723 1060 794 defunctum
1086 749 1120 792 se
1147 723 1299 794 fatalibus
1322 726 1420 794 malis

390 847 605 917 existimabat.
630 847 677 914 Ut
700 869 799 933 vero,
825 843 977 914 consulto
992 843 1131 938 Delphis
1153 843 1321 938 Apolline,
1340 869 1418 938 sep·

392 966 609 1058 tuagesimum
627 989 665 1034 ac
682 966 818 1033 tertium
835 989 959 1032 annum
977 963 1159 1034 cavendum
1178 963 1258 1048 sibi,
1273 963 1420 1050 audivit,

390 1086 483 1178 quasi
503 1107 543 1154 eo
561 1083 695 1156 demum
714 1083 883 1172 obiturus,
901 1107 940 1154 ec
957 1081 1040 1152 nihil
1060 1083 1247 1176 conjectans
1262 1080 1304 1153 de
1321 1097 1420 1154 estate

389 1203 525 1290 Galbae,
553 1217 645 1274 tantu
670 1201 790 1274 fiducia
816 1227 883 1271 non
911 1201 1010 1275 modo
1028 1215 1210 1288 senectam,
1233 1201 1291 1274 sed
1317 1203 1418 1272 etium

389 1337 581 1416 perpetuam
595 1320 860 1417 singularemque
872 1323 1024 1414 concepit
1034 1320 1236 1407 felicitatem,
1250 1335 1300 1409 ut,
1317 1322 1420 1392 amis-

267 1439 270 1446 ’
389 1443 433 1515 sis
453 1441 627 1536 naufragio
640 1441 885 1536 pretiosissimis
900 1441 1018 1528 rebus,
1035 1463 1103 1510 non
1117 1439 1316 1516 dubitaverit
1330 1441 1420 1511 inter

387 1583 464 1632 suos
491 1561 621 1648 dicere,
648 1561 783 1655 «pisces
807 1584 862 1630 eas
890 1559 952 1628 sibi
980 1555 1180 1631 relaturos.»
1210 1557 1349 1652 Neapoli
1374 1559 1420 1630 de

387 1695 481 1750 motu
502 1678 689 1750 Galliarum
717 1681 871 1774 cognovit
899 1678 952 1748 die
979 1679 1067 1774 ipso,
1091 1699 1157 1771 quo
1173 1693 1311 1750 matrem
1331 1681 1420 1754 occi·

386 1797 500 1868 derat:
515 1799 665 1892 adeoque
680 1797 768 1868 lente
783 1823 822 1870 ec
838 1822 952 1868 secure
967 1795 1059 1886 tulit,
1075 1811 1114 1866 nt
1127 1797 1300 1892 gaudentis
1316 1800 1418 1866 etiam

387 1919 607 2010 suspicionem
638 1918 823 2011 preberet,
848 1932 1007 2010 tanquam
1030 1917 1202 1988 occasione
1229 1931 1308 1990 netu
1339 1941 1419 2010 spo·

385 2035 571 2105 liundorum
603 2036 678 2128 jure
708 2035 784 2104 belli
810 2035 1134 2130 opulentissimarum
1160 2036 1417 2129 provinciarum.

388 2155 508 2222 Statim
541 2155 576 2221 in
607 2155 814 2248 gymnasium
844 2177 1055 2248 progressus,
1086 2167 1249 2224 certantes
1276 2153 1418 2224 athletas

387 2272 583 2342 effusissimo
603 2271 712 2341 studio
730 2272 900 2365 spectavit.
918 2273 1028 2342 Coense
1046 2296 1177 2365 quoque
1195 2287 1343 2366 tempore
1362 2275 1416 2341 in-

384 2389 574 2486 terpellatus
601 2389 910 2460 tumultuosioribus
939 2389 1078 2474 litteris,
1105 2391 1263 2460 bectenus
1293 2415 1416 2460 excan-

302 2561 306 2568 Δ
383 2508 471 2594 duit,
486 2523 524 2578 ut
542 2509 667 2578 malum
684 2510 745 2596 iis,
760 2513 817 2602 qui
838 2507 1034 2598 descissent,
1051 2511 1242 2580 minaretur.
1261 2511 1416 2604 Denique

382 2651 442 2723 per
468 2641 546 2698 octo
565 2630 739 2697 continuos
767 2627 835 2696 dies
860 2651 927 2696 non
948 2629 1127 2697 rescribere
1151 2630 1325 2722 cuiquam,
1345 2655 1417 2698 nou

382 2747 540 2817 mandare
554 2748 635 2842 quid
654 2761 711 2816 aut
729 2748 904 2842 proscipere
920 2762 1074 2835 conatus,
1097 2773 1167 2816 rem
1180 2748 1311 2818 silentio
1329 2749 1416 2817 obli-

382 2869 510 2935 teravit.
931 2935 932 2938 ,

427 2985 516 3052 XLI.
536 2983 662 3052 Edictis
686 2983 819 3053 tandem
840 2983 991 3054 Vindicis
1016 2984 1263 3054 contumeliosis
1291 3001 1326 3054 et
1349 2987 1416 3056 fro-

380 3104 558 3197 quentibus
582 3116 769 3198 permotus,
788 3120 938 3173 senatum
959 3103 1096 3200 epistole
1122 3107 1157 3174 in
1187 3103 1346 3174 ultionem
1362 3110 1415 3175 sui

380 3223 496 3314 reique
514 3220 654 3315 publicae
679 3222 871 3293 adhortatus
892 3241 961 3312 est,
986 3237 1141 3293 excusato
1165 3223 1322 3318 languore
1343 3225 1416 3294 fau-

379 3343 485 3428 cium,
514 3355 652 3435 pmptcr
678 3365 778 3435 quem
802 3369 871 3412 non
900 3343 1033 3413 adesset.
1062 3341 1156 3414 Nihil
1182 3359 1291 3412 autem
1318 3369 1414 3438 aequc

380 3457 506 3540 doluit,
520 3483 620 3552 quam
640 3475 675 3528 ut
693 3461 816 3531 melum
837 3487 872 3531 se
893 3461 1110 3532 citharoedum
1130 3464 1350 3557 increpitum,
1372 3487 1413 3532 ac

378 3601 441 3671 pro
452 3581 587 3649 Nerone
599 3580 824 3650 AEnobarbum
839 3581 1052 3676 appellatum.
1067 3587 1112 3653 Et
1135 3605 1256 3651 nomen
1274 3581 1413 3675 quidem

379 3695 520 3789 gentile,
541 3696 630 3791 quod
652 3699 713 3768 sibi
732 3723 794 3794 per
820 3699 1052 3770 contumeliam
1072 3701 1338 3796 exprobraretur,
1356 3725 1413 3769 re-

371 3829 567 3884 sumturum
590 3839 625 3884 se
646 3817 813 3910 professus
836 3833 904 3907 est,
924 3819 1072 3916 deposito
1098 3819 1266 3914 adoptivo.
1290 3822 1436 3888 Cetera'

378 3934 545 4022 convicia,
563 3949 600 4002 ut
616 3934 712 4022 falsa,
729 3961 796 4004 non
814 3935 880 4006 alio
896 3953 1090 4032 argumento
1108 3936 1291 4022 refellebat,
1310 3961 1412 4030 quam

376 4049 582 4140 quodetiam
598 4054 726 4121 inscitia
745 4055 805 4122 sibi
825 4068 917 4124 tanto
933 4081 1032 4150 opere
1048 4056 1223 4127 elaboratu
1239 4055 1414 4150 perfecte·
