3108 5434
385 495 389 504 ·
442 477 478 534 8⁰
831 483 860 536 C.
881 481 1052 538 summm

442 625 506 694 que
523 602 697 676 coenaculis
722 605 902 697 spectabat,
923 603 1087 672 interdum
1104 627 1122 670 e
1141 599 1319 696 pulvinari,
1335 614 1367 668 et
1384 601 1447 692 qui·

444 719 608 790 demeum
626 717 766 816 conjuge
784 745 823 790 ac
845 719 970 808 liberis,
993 721 1116 790 sedens.
1143 716 1335 814 Spectaculo
1357 716 1449 810 pluri·
1493 726 1499 740 “

443 861 513 906 mas
539 839 652 926 horas,
671 838 846 932 aliquando
870 854 956 910 totos
976 839 1044 910 dies
1071 839 1197 925 aberat,
1224 839 1327 931 petita
1350 839 1448 921 venia,

443 955 754 1048 commendatisque,
770 958 827 1050 qui
843 981 935 1026 suam
951 959 1054 1026 vicem
1072 954 1274 1050 praesidendo
1289 953 1453 1046 fungeren-

443 1085 507 1140 tur.
527 1074 652 1142 Verum
670 1075 797 1166 quoties
812 1073 956 1159 adesset,
976 1073 1057 1142 nihil
1076 1088 1230 1167 praterea
1243 1073 1359 1166 agebat
1374 1095 1381 1138 :
1398 1093 1448 1137 sen

378 1235 385 1248 .
417 1167 420 1172 ’
443 1188 567 1258 vitandi
583 1193 723 1263 rumoris
748 1216 865 1279 causa,
884 1216 951 1285 quo
969 1207 1094 1285 patrem
1111 1195 1269 1262 Caesarem
1293 1187 1393 1283 vulgo
1408 1211 1454 1256 rc-

444 1295 639 1400 prehensum
649 1313 938 1398 commemorabat,
948 1311 1037 1405 quod
1051 1313 1135 1380 inter
1150 1308 1362 1404 spectandum
1375 1309 1454 1402 cpis-

444 1424 518 1495 tolis
544 1425 724 1520 libellisque
755 1426 898 1523 legendis
925 1453 963 1498 ac
992 1427 1204 1498 rescribendis
1226 1441 1373 1511 vacaret;
1401 1449 1451 1493 seu

444 1544 552 1612 studio
567 1546 733 1638 spectandi
748 1571 786 1614 ac
803 1545 985 1639 voluptate,
1001 1571 1065 1639 qua
1080 1546 1183 1615 teneri
1199 1569 1233 1614 se
1248 1567 1354 1636 neque
1369 1542 1455 1611 dissi·

444 1659 581 1730 mulavit
598 1688 762 1756 unquam,
781 1679 814 1732 et
830 1688 913 1757 saepe
932 1665 1072 1758 ingenue
1088 1663 1250 1758 professus
1266 1677 1324 1730 est
1344 1666 1455 1752 Itaque

444 1779 615 1850 corollaria
631 1796 664 1850 et
678 1784 812 1875 praemia
831 1782 944 1851 alienis
959 1807 1090 1878 quoque
1108 1781 1299 1850 muneribus
1317 1805 1358 1850 ac
1375 1778 1454 1848 ludis

443 1915 477 1968 et
495 1900 609 1968 crebra
628 1915 667 1988 et,
681 1900 818 1994 grandia
836 1901 876 1969 de
895 1926 955 1970 suo
972 1900 1129 1970 ollhrebat
1148 1926 1156 1968 :
1177 1897 1326 1992 nullique
1343 1901 1456 1969 Graeco

443 2019 612 2088 certamini
643 2019 809 2106 interluit,
841 2045 908 2111 quo
934 2045 1000 2088 non
1030 2045 1092 2113 pro
1121 2019 1238 2088 merito
1265 2017 1456 2086 certantium

443 2159 605 2228 quemque
622 2136 803 2205 honorarit.
830 2138 995 2231 Spectavit
1016 2153 1126 2206 autem
1150 2136 1383 2206 studiosissime
1402 2157 1457 2227 pu·

444 2251 539 2347 giles,
557 2268 591 2322 et
607 2255 747 2322 maxime
764 2254 901 2322 Latinos
920 2280 928 2322 ε
949 2279 1016 2324 non
1035 2253 1198 2348 legitimos
1214 2269 1312 2347 atque
1331 2252 1461 2328 ordina-

444 2371 509 2439 rios
524 2369 638 2457 modo,
658 2395 741 2464 quoa
759 2372 858 2441 etiam
873 2375 1077 2442 committere
1093 2398 1168 2442 cum
1183 2375 1305 2473 Graecis
1321 2370 1461 2454 solebat3

444 2487 501 2556 sed
523 2502 557 2556 et
580 2484 773 2558 catervarios
796 2489 997 2584 oppidanos,
1019 2491 1105 2559 inter
1128 2493 1294 2584 angustias
1316 2491 1462 2561 vicorum

444 2619 626 2698 pugnantes
646 2621 766 2676 temere
783 2631 820 2676 ac
842 2610 912 2678 siue
932 2624 1011 2678 arte.
1031 2610 1231 2678 Universum
1248 2609 1392 2702 denique
1411 2589 1464 2703 ge-

443 2748 505 2792 nus
519 2749 634 2818 operas
649 2723 773 2818 aliquas
789 2724 922 2819 publico
937 2725 1121 2820 spectaculo
1136 2728 1351 2821 praebentium
1366 2728 1464 2796 etiam

442 2867 522 2912 cura
536 2869 595 2912 sua
611 2845 763 2938 dignatus
778 2860 836 2914 est.
853 2845 993 2914 Athletis
1010 2860 1042 2914 et
1057 2849 1261 2916 conservavit
1275 2846 1465 2941 privilegia,

443 2975 476 3030 et
500 2961 675 3054 ampliavit.
703 2961 909 3032 Gladiatores
935 2966 1004 3034 sine
1027 2967 1180 3034 missione
1204 2964 1256 3032 edi
1282 2965 1466 3058 prohibuit.

443 3081 684 3148 Coercitionem
703 3081 737 3148 in
756 3081 947 3170 histriones,
967 3083 1210 3177 magistratibus
1225 3083 1259 3150 in
1277 3085 1369 3152 omni
1386 3097 1470 3150 tem·

444 3221 524 3288 pore
538 3212 571 3264 et
587 3197 659 3265 loco
672 3194 742 3292 lege
757 3214 864 3268 vetere
877 3203 1080 3292 permissum,
1095 3201 1231 3286 ademit,
1247 3215 1471 3294 praeterquam

444 3313 530 3383 ludis
545 3321 578 3383 et
595 3339 700 3384 scena.
717 3317 787 3384 Nec
803 3331 912 3386 tamen
930 3344 970 3388 eo
986 3321 1092 3388 minus
1108 3335 1165 3390 aut
1180 3321 1383 3412 xysticorum
1401 3344 1472 3388 ccr-

443 3435 599 3520 tationes,
624 3448 682 3502 aut
706 3433 924 3528 gladiatorum
947 3463 1092 3532 pugnas,
1115 3417 1315 3508 severissime
1338 3463 1474 3532 semper

443 3553 561 3645 exegit.
582 3555 670 3622 Nam
690 3553 886 3623 histrionum
908 3554 1072 3625 licentiam
1093 3557 1173 3628 adeo
1193 3559 1419 3651 compescuit,
1439 3569 1475 3626 ut

443 3668 697 3763 Stephanionem
716 3675 927 3765 togatarium,
943 3675 996 3742 cui
1014 3676 1048 3742 iu
1063 3675 1221 3768 puerilem
1235 3677 1393 3746 habitum
1410 3679 1476 3744 cir·

445 3803 648 3856 cumtonsam
661 3805 844 3858 matronam
858 3792 1058 3862 ministrasse
1072 3809 1290 3887 compererat,
1306 3819 1372 3888 per
1387 3797 1479 3864 trina

444 3906 570 3974 theatra
590 3907 691 4002 virgis
711 3935 829 3979 coesum
850 3910 1059 4006 relegaverit3
1079 3912 1185 4005 Hylan
1205 3915 1478 4006 pantomimum,

444 4040 607 4116 quaerente
622 4043 773 4121 praetore,
790 4032 823 4097 iu
844 4033 928 4098 atrio
945 4031 1060 4100 domus
1075 4057 1156 4118 suae,
1171 4035 1301 4103 nemine
1317 4033 1479 4120 excluso,
