3098 5446
409 469 465 528 aso
791 431 836 524 ‘c
857 469 1029 526 sueronn

367 587 371 599 ’
409 595 500 688 quasi
527 592 763 685 deprehensum
788 593 922 660 crimen
938 589 1119 660 voluntarie
1145 605 1250 660 morte
1276 593 1417 662 vitasset.
1512 649 1515 658 ,

318 711 322 726 '
410 710 584 782 Adduntur
611 710 662 777 his
694 710 871 795 atrociora,
903 709 958 778 sed
986 711 1115 778 incertis
1142 711 1346 796 auctoribus,
1380 711 1426 793 ad,

409 827 577 896 visendum
605 823 779 920 interfectae
809 826 946 896 cadaver
979 829 1174 916 accurrisse,
1210 839 1422 902 contrectasse

410 946 573 1031 membra,
585 943 648 1012 alia
664 946 880 1038 vituperasse,
895 943 958 1014 alia
976 943 1141 1032 laudasse,
1157 946 1274 1036 sitique
1291 945 1421 1014 interim

409 1063 544 1148 oborta,
576 1061 705 1130 bibisse.
737 1065 852 1154 Neque
881 1077 990 1132 tamea
1019 1063 1250 1130 conscientiam
1273 1061 1421 1148 sceleris,

409 1205 607 1274 quamquam
624 1171 656 1248 et
672 1179 831 1266 militum,
845 1195 876 1248 et
889 1194 1019 1250 senatus
1038 1177 1216 1273 populique
1232 1179 1423 1274 gratulatio·

409 1300 506 1368 nibus
519 1300 779 1384 confirmaretur,
795 1314 852 1368 ant
867 1301 976 1368 statim
987 1313 1045 1368 aut
1058 1323 1203 1392 unquam
1215 1312 1325 1392 postea
1338 1299 1424 1368 ferre

411 1419 537 1510 potuit,
562 1441 645 1510 saepe
675 1417 860 1502 confessus,
886 1419 1039 1512 exagitari
1065 1441 1099 1484 se
1127 1432 1271 1504 materna
1298 1417 1425 1509 specie,
1459 1407 1460 1410 ¹

410 1537 663 1630 verberibusque
679 1537 850 1605 Furiarum
872 1556 909 1604 ac
934 1535 1024 1604 taedis
1045 1535 1242 1604 ardentibus.
1263 1536 1355 1622 Quin
1374 1551 1425 1620 et,

409 1653 494 1722 lacto
511 1679 569 1746 per
584 1678 697 1750 magos
716 1675 827 1738 sacro,
846 1677 980 1722 evocare
995 1677 1107 1722 manes
1123 1667 1155 1721 et
1170 1677 1303 1722 exorare
1324 1668 1428 1722 tenta·

410 1773 467 1840 vit.
488 1771 751 1866 Peregrinatione
776 1770 909 1864 quidem
933 1773 1083 1859 Graeciae,
1110 1769 1280 1840 Eleusiniis
1306 1774 1427 1856 sacris,

411 1914 550 1982 quorum
570 1891 752 1958 initiatione
767 1891 859 1982 impii
873 1903 905 1958 et
921 1887 1066 1958 scelerati
1080 1913 1158 1978 voce
1170 1890 1326 1982 praeconis
1340 1913 1431 1958 surn-

411 2023 595 2094 moventur,
611 2009 766 2076 interesse
783 1992 850 2076 non
867 2031 964 2076 ausus
980 2021 1037 2076 est.
1058 2011 1076 2076 J
1079 2009 1235 2099 unxitque
1252 2007 1429 2100 parricidio

413 2127 525 2196 matris
541 2128 646 2194 amitae
661 2150 784 2194 necem.
799 2127 909 2214 Quam
928 2151 1029 2219 quum
1043 2151 1082 2194 ex
1097 2126 1216 2194 duritie
1233 2124 1298 2194 alvi
1308 2127 1432 2196 cuban-

412 2259 478 2314 tem
493 2244 655 2328 visitaret,
675 2257 707 2312 et
727 2241 803 2330 illa,
825 2258 966 2314 tractans
983 2243 1169 2338 lanuginem
1184 2245 1268 2337 ejus,
1282 2259 1321 2312 ut
1338 2269 1427 2314 asso·

412 2364 474 2450 let,
496 2367 563 2458 jam
589 2364 720 2458 grandis
748 2379 845 2450 natu,
876 2389 936 2457 per
964 2363 1139 2463 blanditias
1164 2363 1248 2433 sorte
1274 2365 1432 2452 dixisset,

412 2481 544 2552 «simul
576 2483 660 2552 hanc
689 2507 862 2576 excepero,
889 2485 972 2552 mori
1005 2481 1079 2552 volo
1109 2509 1155 2550 :n
1182 2507 1354 2552 conversus
1389 2485 1434 2552 ad

413 2604 601 2696 proximos,
621 2601 790 2670 confestim
810 2625 843 2670 se
869 2602 1072 2693 positurum,
1093 2598 1181 2669 velut
1202 2601 1340 2670 irridens
1363 2603 1433 2688 ait,

414 2723 629 2814 precepitque
646 2719 794 2804 medicis,
811 2733 848 2787 ut
866 2717 986 2812 largius
999 2733 1177 2812 purgarent
1192 2743 1321 2813 aegram.
1343 2722 1433 2790 Nec·

413 2837 492 2907 dum
511 2837 670 2906 defunctae
694 2838 780 2906 bona
803 2837 941 2924 invasit,
961 2859 1133 2930 suppresso
1159 2851 1369 2924 testamento,
1390 2863 1434 2906 ne

413 2955 492 3048 quid
511 2955 705 3026 abscederet.

376 3101 378 3110 ’
460 3076 597 3143 XXXV.
616 3079 742 3144 Uxores
757 3091 874 3168 praeter
890 3079 1061 3146 Octaviam
1082 3077 1163 3147 duas
1181 3091 1293 3171 postea
1310 3075 1431 3144 duxit:

414 3195 586 3284 Poppoeam
612 3193 785 3277 Sabinam,
809 3197 983 3287 quaestorio
1005 3210 1097 3289 patre
1122 3175 1305 3277 natam,et
1330 3196 1435 3286 equiti
1540 3171 1541 3182 .

416 3333 552 3378 romarm
576 3325 671 3378 antea
692 3325 846 3404 nuptam;
864 3311 989 3380 deinde
1015 3311 1176 3382 Statiliam
1202 3311 1435 3396 Messalinam,

416 3430 516 3498 Tauri
531 3429 581 3498 bis
597 3429 740 3500 consulis
754 3455 792 3500 ac
804 3430 1008 3524 triumphalis
1024 3433 1209 3526 abneptem.
1226 3433 1302 3519 Qua
1319 3445 1356 3498 ut
1377 3453 1438 3522 po-

415 3548 545 3634 tiretur,
573 3549 679 3616 virum
709 3550 792 3642 ejus,
817 3550 963 3618 Atticum
986 3551 1158 3618 Vestinum
1188 3546 1370 3632 consulem,
1401 3548 1439 3614 in

415 3666 539 3734 honore
558 3667 628 3759 ipso
650 3667 834 3736 trucidavit.
854 3668 997 3736 Octaviae
1014 3665 1280 3736 cousuetudinem
1299 3666 1368 3734 cito
1387 3689 1440 3732 as-

415 3799 590 3876 pernatus,
608 3785 857 3879 corripientibus
875 3786 1006 3870 amicis,
1019 3785 1202 3854 «Sufficere
1213 3782 1261 3853 illi
1275 3784 1410 3868 debere,
1422 3814 1442 3848 s

415 3901 600 3995 respoudit,
628 3905 777 3972 «uxoria
801 3917 1030 3972 ornamenta.»
1059 3903 1216 3972 Eamdem
1245 3925 1323 3969 mox
1352 3923 1442 3992 saepe

415 4017 535 4090 frustra
558 4020 762 4114 strangulare
778 4020 969 4110 meditatus,
986 4021 1109 4092 dimisit
1127 4035 1163 4090 ut
1182 4019 1325 4089 sterilem
1348 4044 1356 4086 ε
1379 4017 1443 4086 sed
