3168 5440
437 443 490 500 106
718 443 842 502 runnu
863 443 1047 500 Taunum
1067 443 1167 500 viru.

481 573 524 638 11.
537 569 675 662 Scripsit
691 568 868 637 comoedias
879 593 935 638 sex
945 595 953 635 :
963 593 1002 636 er
1015 569 1135 661 quibua
1151 569 1291 662 primam
1309 568 1462 638 Andriam

419 703 536 782 'quum
558 685 708 758 edilibus
731 685 847 774 daret,
869 689 979 782 jussus
1003 701 1079 758 ante
1100 687 1230 758 Caecilio
1247 689 1404 776 recitare,
1427 689 1464 758 ad

432 823 618 878 coenantem
647 833 751 903 quum
779 810 938 896 venisset,
963 808 1071 878 dictus
1089 823 1155 896 eet,
1176 808 1308 880 initium
1335 808 1463 902 quidem
1559 893 1560 912 χ

433 927 572 1018 fabulae,
591 928 767 1024 quoderat
793 930 1010 998 contemtiore
1034 923 1175 1016 veslitu,
1199 927 1355 998 subsellio
1375 929 1466 1022 juxta

433 1046 591 1118 lectulum
610 1047 757 1118 residens
777 1046 915 1142 legiss03
933 1063 1008 1141 post
1023 1072 1147 1142 paucos
1164 1072 1245 1117 vero
1262 1072 1377 1117 versus
1392 1049 1467 1118 invi·

433 1183 539 1258 tatus,
562 1183 599 1238 ut
614 1169 846 1253 accumberet,
865 1191 1008 1236 coenasse
1029 1193 1115 1256 una,
1134 1167 1254 1237 deinde
1270 1145 1382 1238 cetera
1396 1193 1466 1262 per·

433 1292 594 1386 currisap,
614 1313 680 1357 uon
702 1290 918 1383 sine„1nagna
936 1286 1060 1358 Cacilii
1080 1287 1308 1357 admiratione.
1326 1291 1371 1357 Et
1387 1288 1468 1357 hauc

432 1424 562 1496 autern,
581 1424 613 1477 et
634 1409 782 1502 quinque
801 1403 945 1501 reliquas
973 1405 1145 1501 aequaliter
1163 1405 1287 1502 populo
1308 1409 1467 1502 probavit.
1559 1459 1560 1488 ,

431 1531 592 1620 Quamvis
607 1527 778 1599 Volcatius
793 1529 833 1598 de
845 1529 1094 1598 enumeratione
1108 1529 1256 1597 omnium
1269 1529 1317 1620 ita
1329 1529 1467 1598 scribat:
1559 1523 1560 1584 l

527 1705 658 1762 Sumatur
673 1695 782 1780 Hecyra
802 1709 934 1770 aextaex
953 1699 997 1756 hia
1015 1698 1119 1758 fabulo.

433 1849 614 1920 Eunuchus
632 1848 767 1943 quidem
787 1848 838 1917 bis
856 1845 912 1916 dio
929 1859 1002 1915 acta
1016 1859 1086 1929 cat,
1102 1847 1291 1940 meruitque
1308 1848 1468 1940 pretium,
1559 1839 1560 1896 l

432 1985 595 2064 quantum
619 1968 711 2038 nulla
731 1983 826 2040 autea
845 1968 1042 2061 cujusquam
1060 1965 1238 2054 normandia,
1262 1966 1297 2035 id
1315 1983 1383 2056 eat,
1400 1983 1468 2038 octo

433 2089 536 2162 millia
562 2114 735 2159 nummum
759 2115 767 2156 ι
790 2102 965 2182 propterea
989 2109 1119 2156 summa
1139 2109 1273 2181 quoque
1294 2087 1399 2158 titulo
1420 2088 1467 2158 ad·

433 2211 600 2281 scribitur.
627 2212 715 2278 Nam
746 2205 974 2302 Adelphorum
1003 2207 1205 2302 principium
1235 2210 1346 2276 Varro
1374 2210 1466 2278 etiam

433 2329 565 2426 prefert
584 2329 749 2422 principio
766 2326 954 2396 Menandri.
971 2329 1049 2398 Non
1061 2328 1208 2398 obscura
1227 2326 1318 2397 laura
1335 2343 1403 2412 eet,
1422 2327 1468 2397 rd-

430 2451 541 2544 Jutum
558 2449 749 2518 Terentium
769 2450 804 2516 in
830 2445 962 2542 scriptis
987 2472 1006 2516 a
1030 2445 1133 2516 Laelio
1151 2461 1185 2516 et
1208 2447 1384 2541 Scipione,
1403 2449 1467 2542 qni·
1559 2539 1560 2548 ἵ

434 2570 572 2641 huncum
590 2565 793 2636 familiariter
810 2567 899 2635 vixit.
918 2565 1076 2636 Eamdem
1092 2567 1161 2659 ipae
1176 2569 1267 2636 auxit
1279 2589 1289 2635 ε
1302 2593 1466 2662 nunquam

433 2690 542 2774 enim,
558 2689 619 2756 nisi
634 2685 760 2770 leviter,
775 2711 809 2756 ee
824 2687 925 2756 tutari
942 2700 1093 2773 conatur,
1109 2700 1146 2754 ut
1165 2687 1200 2754 in
1215 2685 1359 2781 prologo
1371 2686 1464 2757 Adel·
1559 2709 1560 2730 ¹

434 2810 604 2904 phorum:

513 2981 583 3034 Nam
598 2977 677 3052 quod
692 2976 738 3031 isti
755 2976 854 3032 dicunt
869 2975 1020 3045 malevoli,
1033 2975 1164 3031 homines
1181 2977 1296 3033 nobiles

512 3073 594 3126 Hunc
613 3068 756 3142 adjutare,
772 3068 938 3142 aridaeque
957 3087 1013 3124 una
1033 3067 1178 3125 ooliban:

511 3163 597 3232 Quod
616 3161 658 3218 illi
675 3159 857 3218 maledictum
877 3162 1030 3218 rohonem
1048 3161 1230 3232 existumant,

510 3257 580 3312 Eam
594 3255 706 3310 laudem
726 3254 772 3311 hic
787 3254 866 3311 duait
883 3254 1051 3324 maximam,
1068 3273 1155 3329 quum
1168 3256 1226 3312 iilis
1243 3259 1355 3332 piacet,

512 3347 568 3416 Qni
583 3347 666 3402 vobio
683 3347 822 3402 universio
838 3357 866 3402 et
879 3348 988 3421 populo
1007 3339 1147 3420 placent:¹

512 3441 643 3508 Quorum
662 3457 749 3512 opera
770 3439 800 3493 im
820 3439 916 3506 bello,
933 3439 962 3496 in
982 3439 1059 3508 otio,
1076 3440 1107 3495 in
1124 3442 1260 3515 negotio,

512 3535 570 3588 Suo
590 3531 707 3605 quisque
726 3541 855 3604 tempore
868 3549 932 3586 usus
951 3534 1070 3588 estsine
1087 3534 1232 3607 soperbia.

433 3681 576 3752 Videtur
593 3694 702 3749 autem
717 3703 752 3750 se
769 3677 873 3748 levius
892 3677 1097 3768 defendisse,
1112 3685 1193 3788 quia
1206 3687 1353 3774 sciebat,
1371 3679 1466 3756 laelio
1559 3671 1560 3746 J

432 3819 464 3872 et
485 3803 631 3896 Scipioni
649 3825 717 3870 non
732 3801 897 3894 ingratam
910 3823 980 3868 esse
994 3800 1082 3872 hanc
1098 3806 1294 3897 opinionem
1314 3831 1402 3901 :que
1418 3819 1467 3872 ta·

434 3948 509 3991 men
529 3922 632 4018 magis
648 3935 680 3989 et
698 3943 802 4014 usque
820 3918 862 3986 ad
878 3921 1062 4014 posteriora
1080 3937 1232 4018 tempora
1251 3927 1362 3997 valuit
1559 3917 1560 3922 ἵ

481 4043 541 4110 ΙΙΙ.
561 4041 602 4130 Q
622 4041 801 4110 Memmius
825 4040 1029 4111 lucratione
1056 4068 1118 4137 pro
1138 4071 1173 4115 se
1191 4048 1239 4117 ait
1258 4075 1267 4116 ε
1289 4081 1306 4114 ι
1330 4053 1362 4118 Ρ.
1383 4043 1468 4114 Afri·
