3108 5434
500 545 683 602 TIBERIUS.
1052 557 1107 624 149

82 671 305 762 proderentur,
319 671 484 738 accusavit
499 695 558 762 per
579 670 708 754 literas,
725 672 928 742 amarissime
941 677 1106 768 congestis

81 794 166 860 etiam
188 790 338 885 probris,
358 803 390 858 et
406 787 572 882 judicatos
589 791 701 859 hostes
719 791 806 860 fame
825 795 956 862 necavit
972 819 981 862 ε
999 797 1106 864 Nero·

82 937 166 998 nun,
186 911 222 978 in
244 907 351 977 insula
369 909 509 994 Pontia;
527 913 693 994 Drusum,
718 911 752 978 in
776 912 842 979 ima
862 926 956 1005 parts
976 911 1104 982 Palatii.

82 1035 214 1117 Putant,
244 1032 412 1098 Neronem
440 1028 482 1098 ad
510 1027 732 1098 voluntariam
759 1046 900 1100 mortem
930 1047 1105 1121 coactum,

82 1175 171 1242 quum
191 1150 223 1218 ci
243 1147 406 1235 carnifex,
423 1149 517 1240 quasi
537 1171 578 1216 ex
600 1163 734 1217 senatus
754 1150 951 1218 auctoritate
969 1152 1104 1240 missus,

82 1267 204 1362 laqueos
218 1283 253 1338 et
271 1293 374 1338 uncos
389 1281 588 1352 ostentaret3
605 1273 718 1338 Druso
731 1284 842 1338 autem
853 1269 936 1339 adeo
951 1269 1106 1342 alimenta

82 1390 254 1477 sulrducta,
275 1403 313 1458 ut
337 1403 519 1458 tomentum
541 1415 559 1456 e
583 1386 705 1458 culcita
725 1391 899 1458 tentaverit
924 1391 1105 1461 mandere:

82 1509 249 1578 amborum
263 1509 311 1576 sic
328 1505 484 1600 reliquias
498 1505 680 1601 dispersas,
698 1523 735 1576 ut
751 1510 806 1577 vix
819 1510 1021 1604 quandoque
1035 1509 1105 1579 col·

81 1627 128 1722 ligi
145 1640 292 1721 possent.

121 1750 190 1816 Lv.
210 1750 321 1840 Super
336 1760 459 1816 veteres
475 1748 597 1818 amicos
610 1773 649 1816 ac
662 1746 857 1837 familiares,
875 1751 991 1844 viginti
1009 1752 1070 1820 sibi
1089 1777 1107 1820 e

83 1894 211 1938 numero
224 1868 414 1962 principum
426 1869 569 1936 civitatis
578 1865 834 1961 depoposcerat,
852 1868 943 1938 velut
955 1871 1107 1940 consilia-

83 1990 139 2056 rios
159 1990 193 2055 in
215 1987 359 2081 negotiis
376 1985 526 2080 puhlicis.
553 1991 681 2054 Horum
702 1989 851 2055 omnium
871 1990 925 2056 vix
944 1989 1027 2058 duos
1049 2006 1108 2060 aut

84 2121 139 2174 tres
155 2105 340 2176 incolumes
361 2107 513 2200 praestitit
531 2133 539 2174 :
559 2121 703 2195 ceteros,
724 2105 826 2175 alium
847 2107 910 2176 elia
929 2109 970 2177 de
991 2135 1106 2195 causa,

82 2225 225 2318 perculit.
242 2229 336 2294 Inter
352 2251 435 2318 quos
455 2251 532 2316 cuiq
553 2225 773 2319 plurimorum
795 2226 888 2295 clade
907 2227 1027 2296 AElium
1048 2233 1105 2296 Se-

79 2348 206 2436 janum,
227 2371 325 2438 quem
346 2344 387 2412 ad
405 2369 565 2414 summam
585 2347 765 2438 potentiam
789 2371 855 2413 non
878 2361 946 2413 tam
965 2347 1106 2416 benevo-

82 2461 171 2532 lentia
198 2479 412 2556 provexerat,
434 2487 533 2556 qnam
558 2477 595 2530 ut
618 2477 718 2550 esset,
743 2465 839 2556 cujus
864 2465 1047 2533 ministerio
1069 2491 1108 2534 ac

82 2581 378 2652 fraudibusliberos
387 2581 577 2652 Germanici
595 2575 865 2666 circumueniret,
887 2597 1107 2678 nepotemque

82 2725 168 2769 suum
189 2727 228 2770 ex
249 2704 361 2770 Druso
376 2699 444 2768 filio
461 2699 645 2769 naturalem
662 2700 704 2768 ad
718 2703 957 2769 successionem
978 2703 1106 2794 imperii

81 2819 294 2888 confirmaret.

123 2945 208 3008 LVI.
234 2940 352 3010 Nihilo
371 2938 476 3010 lenior
499 2941 532 3008 in
555 2943 761 3010 convictores
784 2939 969 3026 Graecnlos,
986 2943 1106 3035 quibus

82 3057 125 3127 vel
146 3041 287 3136 mxime
306 3060 544 3153 acquiescebat.
566 3065 730 3130 Zenonem
751 3060 943 3154 quemdam,
959 3064 1104 3155 exquisi-

81 3179 141 3247 tius
157 3181 451 3266 sermocinantem,
466 3204 571 3272 quum
593 3180 838 3274 interrogasset,
855 3205 1032 3274 cquaenam
1050 3179 1105 3250 illa

81 3313 143 3366 tam
154 3297 293 3368 molesta
307 3296 463 3368 dialectos
476 3313 595 3386 esset»
609 3313 642 3366 et
659 3297 714 3368 ille
728 3299 964 3394 respondisset,
980 3331 996 3364 a
1005 3302 1106 3369 Dori·

80 3415 361 3512 decn;»rclegavit
371 3419 557 3505 Cinariam,
572 3419 777 3505 existimans,
792 3419 1029 3512 exprobratum
1045 3421 1107 3486 sibi

81 3551 220 3606 veterem
235 3561 414 3624 secessum,
434 3537 524 3630 quod
540 3539 660 3608 Dorice
677 3537 799 3608 Rhodii
816 3537 1006 3631 loquuntur.
1022 3543 1104 3607 Item

78 3681 178 3748 quum
197 3653 320 3725 soleret
342 3681 382 3725 ex
407 3655 547 3726 lectione
572 3655 763 3750 quotidiana
785 3647 981 3750 questiones
1007 3681 1107 3750 super

79 3799 202 3842 ooenarn
211 3800 413 3869 proponere,
428 3779 721 3871 comperissetque,
733 3775 905 3846 Seleucum
917 3776 1108 3872 grammati-

1 3875 2 3928 l
78 3895 718 3990 cumaministrissuisperquirere,qu0s
727 3920 860 3988 quoque
871 3909 1018 3987 tempore
1026 3908 1107 3963 trac·

1 4059 2 4094 ,
79 4027 164 4080 taret
176 4028 342 4097 auctores,
357 4027 457 4105 atque
470 4017 515 4084 ita
537 4029 756 4108 praeparatum
775 4016 908 4099 venire3
925 4015 1070 4107 primum
1088 4037 1108 4082 a

80 4131 298 4200 contubernio
309 4135 465 4216 removit,
484 4133 709 4204 deindeetiam
726 4133 916 4202 admortem
937 4131 1106 4224 compulit.
