3164 5442
455 492 496 547 IN
518 491 601 548 OCT.
624 443 847 547 AUGUS'I'UM.⁸
1109 513 1162 549 nor
1210 502 1212 512 ⁴

169 612 234 665 Cer.
253 609 405 664 LXXXII.
424 609 534 682 Pingui.
557 605 621 664 Scil.
637 605 767 663 crassiori
782 603 832 663 filo
847 617 1009 681 compacta,
1023 608 1098 664 utin
1112 612 1167 666 Jo-
1265 667 1269 672 ,

130 703 232 772 venai,
252 720 295 767 rx,
310 699 347 754 28
363 721 369 754 :
1151 708 1155 716 '

373 893 380 906 .
391 892 397 906 .
408 893 415 906 .
425 891 432 906 .
445 855 546 920 Pingues
556 855 682 921 aliquando
695 855 800 905 lacernas

233 938 383 989 Monimaota
395 947 463 1004 loge.

168 1123 317 1178 Subucula.
337 1119 429 1176 Vestis
443 1120 516 1175 linea
530 1136 616 1192 quam
636 1120 784 1196 gestabant
796 1121 850 1176 sub
866 1122 975 1177 tunicis.

168 1215 301 1288 Egelida.
323 1214 358 1270 Η.
374 1232 398 1268 e.
422 1211 534 1285 tepida,
547 1231 614 1266 nam
626 1212 766 1284 particula
786 1233 802 1268 e
821 1213 965 1269 interdurn
987 1213 1109 1269 intendit
1128 1214 1168 1270 si-

129 1304 354 1382 gnificationem,
368 1303 511 1360 interdum
528 1303 653 1359 remittit.

166 1400 341 1474 Albulisque.
364 1399 452 1467 Plin.,
470 1400 506 1452 H.
530 1397 585 1462 Ν.,
601 1414 726 1467 xxxr,a
751 1417 757 1450 :
782 1400 891 1454 «Juxta
912 1400 1033 1454 Romam
1056 1399 1168 1453 Albulae

127 1511 210 1567 uquoe
222 1491 389 1548 vulneribus
403 1489 575 1546 medentur:
592 1487 707 1564 egelidae
723 1490 774 1545 hae.
790 1514 802 1538 ι

164 1587 273 1660 Ligneo
291 1585 374 1640 solio·
392 1583 480 1655 Quod
502 1583 607 1638 dicitur
621 1583 650 1637 in
667 1583 780 1638 laudem
797 1584 929 1657 Augusti,
945 1603 1010 1640 narn
1026 1585 1167 1660 tempori-

126 1679 178 1733 bus
198 1676 253 1732 illis
266 1686 398 1752 argentea
412 1674 519 1730 fiebant
534 1675 699 1730 balnearum
722 1678 806 1730 solc'a.
822 1676 909 1746 Ptin,
923 1678 959 1731 H.
981 1678 1033 1744 Ν.,
1052 1695 1167 1746 xxxrrr,

130 1787 163 1824 rr
183 1789 189 1824 :
207 1792 219 1818 n
235 1771 330 1838 Quum
345 1767 454 1824 leminae
468 1769 598 1822 laventur
611 1778 643 1823 et'
651 1766 705 1823 nisi
723 1779 855 1844 argentea
868 1763 940 1824 solia
952 1768 1128 1825 fastidiant.»

166 1864 234 1918 Can.
258 1863 423 1918 LXXXIII.
447 1860 680 1934 Folliculumque.
703 1859 762 1916 Pila
791 1871 852 1916 erat
878 1860 981 1932 minor,
1007 1862 1168 1936 pugnisque

128 1945 305 2028 ejiciebatur,
319 1963 347 2010 et
360 1953 601 2029 pugillar-insoluto
614 1953 773 2008 dicebatur.
784 1955 874 2008 Plaut.
883 1997 891 2024 ,
901 1955 986 2020 llud,
1003 1974 1056 2024 111,
1072 1963 1102 2024 l,
1116 1956 1168 2012 16:

235 2176 260 2189 ..
274 2175 280 2188 .
296 2175 303 2188 .
317 2139 442 2204 Extemplo
455 2137 535 2187 hercle.
549 2145 572 2186 te
586 2135 665 2185 solnm
676 2135 852 2202 pugillatoriam

232 2221 334 2272 Faciam

163 2365 312 2456 Elauernr‘s
325 2399 433 2471 spatiis.
454 2395 544 2452 Intell.
562 2396 617 2452 sub
634 2394 720 2451 finem
736 2398 944 2453 ambulationis.

166 2494 314 2548 ocellatis.
330 2489 461 2545 Globulis
474 2490 519 2544 vel
532 2488 667 2561 lapideis,
679 2490 722 2543 vel
731 2489 876 2557 eburneis,
891 2491 996 2562 quibus
1012 2492 1169 2547 olimlude—

125 2587 143 2642 b
182 2597 195 2642 t
231 2585 319 2640 uella.

145 2604 355 2751 anll'uldibusque.
379 2674 506 2730 Nucibus
527 2673 625 2730 ludere
647 2673 776 2729 solebant
798 2674 900 2746 pueri,
923 2685 951 2728 et
977 2694 1060 2728 nuces
1079 2677 1168 2730 relin-

124 2788 211 2846 quere
238 2769 311 2826 scrin
333 2767 474 2837 tracturi,
497 2769 557 2840 jam
582 2775 663 2821 aetate
689 2765 855 2840 grandiores
868 2766 1054 2832 dicebantur.
1076 2771 1170 2838 Pers,

124 2883 149 2932 ι,
174 2880 234 2920 ro:

236 3057 243 3071 .
255 3055 265 3072 .
277 3057 284 3070 .
297 3057 304 3071 .
316 3023 346 3070 Et
360 3019 459 3070 nucibus
470 3018 569 3069 iacimus
580 3033 735 3085 quocumque
748 3016 844 3067 relictis.

165 3202 235 3259 car.
252 3199 418 3256 LXXXIV.
436 3199 590 3253 Graviores.
607 3196 643 3266 Il.
658 3213 682 3250 e.
698 3193 836 3268 gravioris
849 3193 993 3248 momenti

166 3293 329 3349 Phonasco.
354 3290 413 3363 Qui
434 3291 465 3346 in
491 3289 622 3345 oratione
639 3287 771 3343 tollendae
797 3289 842 3341 vel
862 3285 1067 3342 summittendae
1093 3287 1171 3342 vocis

123 3387 240 3463 regulas
254 3384 395 3441 edoceret.
413 3387 457 3440 De
469 3383 617 3457 phonasco
634 3383 727 3437 Varro
741 3379 818 3454 apud
831 3381 923 3450 Non,
939 3399 963 3436 rr
971 3421 980 3450 ‚
995 3380 1051 3435 826
1067 3398 1074 3434 :

236 3567 374 3619 Phooascos
386 3584 451 3626 sum,
465 3566 578 3633 vocisque
590 3563 771 3624 suscitabulum,

237 3651 440 3717 Cantautiumquc
453 3651 527 3716 gallus
536 3649 687 3716 gallinaceus.

115 3825 117 3828 ’
163 3830 234 3886 car.
249 3827 402 3883 Lxxxv.
413 3827 462 3881 Ad
462 3826 693 3900 philosophiam.
701 3823 783 3880 Philo
798 3825 851 3898 leg.
862 3822 898 3878 ad
908 3821 1020 3890 Caium,
1034 3840 1063 3894 p.
1075 3819 1148 3875 1036
1163 3839 1170 3874 :

123 3920 145 3982 ὁ
162 3935 284 3990 τοσοῦτος
296 3928 394 4001 ἡγεμὼν
408 3927 475 3981 κατὰ
489 3927 628 3998 φιλοσοφίαν
644 3923 739 3986 cidari:
751 3920 868 3995 dsirtpoc.

163 4017 212 4069 De
225 4013 288 4068 urla
303 4032 366 4068 sua.
380 4012 418 4069 IIi
431 4022 497 4068 sunt
511 4009 712 4068 commentarii
726 4003 800 4084 quos
814 4008 881 4064 citat
894 4007 1053 4077 Plutarch,
1066 4007 1096 4060 in
1111 4010 1174 4062 An-

124 4121 201 4174 ton,
219 4125 294 4162 xxrr.
