3108 5434
445 527 479 589 74
846 523 874 576 C.
894 521 1067 577 SUE'I'ONII

490 645 659 714 XXXVII.
678 644 821 736 Quoque
837 641 947 737 plures
965 658 1092 736 partem
1116 643 1380 716 administrandae
1398 649 1450 715 rei-

443 760 580 856 publirae
595 775 768 854 caperent,
785 785 872 830 nova
889 760 997 830 officia
1015 761 1209 854 excogitavit
1231 787 1239 830 :
1258 787 1372 832 curam
1386 788 1452 857 ope·

442 904 517 949 rum
535 878 920 973 publicorum,viarum,
937 902 1117 974 aquarum,
1132 877 1215 950 alvei
1233 881 1377 968 Tiberis,
1392 882 1452 950 fru-

442 1001 542 1068 menti
564 995 687 1092 populo
706 995 897 1084 dividundi,
910 996 1134 1092 profecturam
1146 998 1259 1085 Urbis,
1274 1000 1452 1070 triumvira-

441 1134 513 1188 tum
533 1116 662 1212 legendi
679 1131 825 1204 senatus,
844 1130 878 1184 et
901 1115 1041 1184 alterum
1061 1118 1315 1210 recognoscendi
1337 1133 1452 1186 turmas

440 1238 604 1332 equitum,
620 1235 881 1329 quotiescunque
891 1259 975 1328 opus
991 1249 1084 1304 esset„
1100 1238 1280 1322 Censores,
1293 1236 1392 1304 creari
1404 1235 1451 1304 de·

441 1359 535 1446 sitos,
573 1354 671 1449 longo
704 1352 875 1422 intervallo
907 1353 1030 1422 creavit
1048 1377 1056 1420 ι
1076 1377 1251 1424 numerum
1285 1367 1451 1446 praetorum

441 1477 541 1544 auxit.
561 1473 679 1568 Exegit
699 1473 798 1572 etiam
817 1485 854 1539 ut
874 1471 1001 1564 quoties
1019 1469 1207 1542 consulatus
1228 1471 1289 1540 sibi
1308 1471 1453 1560 daretur,

441 1595 535 1664 binos
555 1617 617 1687 pro
635 1587 772 1684 singulis
788 1588 927 1682 collegas
943 1589 1077 1658 haberet
1089 1614 1097 1658 ι
1110 1613 1170 1658 nec
1185 1589 1344 1676 obtinuit,
1360 1587 1452 1658 recla-

441 1713 607 1782 mantibus
623 1710 764 1794 cunctis,
785 1708 860 1776 satis
880 1707 1082 1800 majestatem
1101 1708 1173 1800 ejus
1191 1708 1355 1795 imminui,
1372 1707 1452 1800 quod

441 1832 600 1900 honorem
618 1853 693 1896 eum
710 1853 778 1896 non
792 1825 896 1912 solus,
916 1824 972 1894 sed
991 1850 1068 1894 curn
1088 1825 1207 1912 altero,
1222 1841 1358 1920 gereret.

491 1951 683 2018 XXXVIII.
703 1949 774 2016 Nec
790 1946 921 2038 parcior
939 1946 973 2014 in
987 1941 1103 2014 bellica
1120 1946 1241 2014 virtute
1255 1945 1455 2032 honoranda,

442 2093 540 2164 super
570 2065 705 2160 triginta
736 2063 875 2134 ducibus
892 2065 999 2157 justos
1025 2063 1228 2157 triumphos,
1244 2080 1277 2132 et
1293 2063 1455 2158 aliquanto

443 2187 592 2281 pluribus
623 2181 832 2277 triumphalia
873 2195 1065 2250 ornamenta
1090 2180 1292 2250 decernenda
1323 2183 1455 2252 curavit.

443 2306 570 2375 Liberis
585 2316 793 2388 senatorum,
807 2324 873 2392 quo
883 2297 1020 2368 celerius
1037 2297 1221 2392 reipublice·
1232 2315 1457 2387 assuescerent,

446 2424 596 2518 protinus
613 2419 740 2488 virilem
758 2433 883 2512 togam,
901 2417 1004 2486 latum
1031 2417 1160 2486 clavum
1178 2416 1330 2503 induere,
1349 2433 1382 2486 et
1405 2441 1460 2485 cu·

444 2544 499 2610 rio
516 2543 667 2610 interesse
696 2537 861 2631 permisit,
883 2533 1098 2628 militiamque
1125 2535 1367 2629 auspicantibus
1391 2559 1457 2602 non

446 2662 650 2730 tribunatum
668 2656 767 2726 modo
784 2653 971 2750 legionum,
989 2653 1043 2722 sed
1066 2667 1097 2722 et
1115 2653 1319 2749 praefecturas
1335 2652 1460 2721 alarum

445 2777 552 2848 dedit:
564 2802 602 2846 ac
619 2801 660 2844 ne
679 2775 753 2868 quis
769 2795 884 2866 expers
896 2786 1079 2841 castrorum
1097 2785 1198 2858 esset,
1212 2773 1305 2840 binos
1319 2771 1462 2864 plerum·

445 2923 508 2991 quc
525 2893 704 2964 laticlauios
722 2889 899 2984 praeposuit
916 2888 1050 2984 singulis
1071 2887 1140 2958 alis.
1159 2891 1312 2982 Equitum
1336 2903 1464 2957 turmas

446 3016 631 3105 frequenter
645 3009 851 3101 recognovit,
869 3022 943 3098 post
960 3006 1091 3100 longam
1113 3006 1391 3100 intercapedinem
1414 3032 1466 3074 re·

446 3131 546 3199 ducto
560 3151 649 3196 more
659 3125 915 3194 transvectionis.
931 3125 995 3194 Sed
1011 3149 1117 3217 neque
1125 3125 1251 3193 detrahi
1262 3149 1466 3219 quemquam

434 3233 479 3318 xiu
497 3242 736 3315 transvehendo
752 3243 793 3310 ab
809 3257 995 3312 accusatore
1011 3268 1125 3338 passus
1139 3257 1204 3330 est,
1218 3243 1306 3334 quod
1323 3243 1401 3312 fieri
1415 3269 1469 3312 so-

446 3367 548 3452 lebat3
564 3379 598 3432 et
615 3363 705 3431 senio
723 3360 773 3430 vel
797 3357 906 3453 aliqua
926 3362 1072 3454 corporis
1094 3357 1164 3428 labe
1191 3359 1379 3453 insignibus
1398 3385 1471 3455 per-

446 3485 551 3570 misit,
581 3481 747 3576 praemisso
776 3479 811 3546 in
841 3478 956 3548 ordine
980 3503 1083 3570 equo,
1108 3477 1150 3546 ad
1180 3477 1472 3572 respondendnm,

446 3604 575 3696 quoties
593 3601 788 3684 citarentur,
806 3596 941 3690 pedibus
959 3598 1095 3666 venire:
1116 3619 1192 3664 mox
1208 3594 1375 3664 reddendi
1395 3599 1474 3692 equi

446 3721 584 3813 gratiam
602 3717 678 3786 fecit
696 3717 761 3800 eis,
779 3715 835 3806 qui
853 3715 991 3806 majores
1011 3738 1173 3783 annorum
1190 3715 1340 3806 quiaque
1357 3729 1395 3782 et
1413 3717 1474 3782 tri-

446 3840 537 3930 ginta
554 3835 694 3904 retinere
710 3857 786 3901 eum
805 3831 938 3902 nollent.

494 3956 648 4024 XXXIX.
669 3952 918 4044 Impetratisque
934 3975 952 4018 a
972 3965 1085 4018 senatu
1103 3951 1215 4018 decem
1234 3950 1477 4043 adjutoribus,

449 4093 711 4162 unumquemque
728 4068 873 4159 equitum
899 4069 1056 4136 rationem
1075 4069 1147 4134 ritae
1168 4067 1303 4137 reddere
1327 4075 1477 4164 coegit:
