3138 5438
570 843 914 949 OCTAVIUS
957 842 1334 949 AUGUSTUS.

883 1257 1025 1278 ιι*-
1065 1259 1070 1274 t

440 1576 467 1641 1.
493 1517 672 1646 Gnnrsrn
688 1567 860 1637 Octaviam
882 1564 1018 1635 Velitris
1039 1565 1236 1657 praecipuam
1256 1560 1336 1630 oiim
1352 1559 1467 1641 firisse,

440 1687 545 1758 multa
561 1685 740 1755 declarant.
759 1687 845 1754 Nam
863 1699 897 1752 et
913 1687 1005 1752 vicus
1019 1683 1231 1752 celeberrima
1246 1697 1339 1775 perte
1356 1681 1468 1774 oppidi

436 1809 505 1901 jain
532 1805 660 1899 pridem
686 1804 844 1904 Octavius
869 1803 1051 1870 vocabatur
1073 1827 1082 1868 :
1103 1816 1137 1869 et
1159 1799 1391 1870 ostendebatur
1415 1823 1469 1866 nra

440 1925 583 1994 Octavio
598 1936 804 2007 consecrata,
823 1921 880 2012 qui
898 1918 985 1987 beiio
1003 1919 1072 1988 dux
1088 1920 1248 2003 finitimo,
1264 1942 1367 2011 quum
1387 1916 1470 1984 forte

442 2043 545 2110 Marti
574 2065 644 2108 rent
674 2039 819 2108 divinem
850 2039 993 2124 faceret,
1024 2039 1175 2106 nuntiata
1204 2050 1339 2130 repente
1369 2035 1471 2103 hostis

444 2159 648 2239 incursione,
667 2156 849 2226 semicruda
868 2170 943 2224 exte
961 2171 1055 2250 rapta
1076 2155 1148 2223 foco
1170 2155 1356 2248 prosecuit,
1372 2167 1471 2245 etque

444 2281 489 2345 ita
516 2273 669 2370 proelium
695 2277 879 2369 ingressus,
902 2275 1007 2342 victor
1031 2273 1138 2342 rediit.
1166 2277 1344 2342 Decretum
1371 2273 1471 2339 etiam

445 2394 613 2489 publicum
629 2393 791 2480 exstabat,
807 2415 875 2485 quo
890 2393 1081 2478 cavebatur,
1096 2406 1132 2460 ut
1152 2392 1186 2458 iu
1204 2404 1371 2484 posterum
1389 2413 1473 2482 quo·

444 2539 509 2606 que
524 2510 621 2580 simili
637 2511 736 2580 modo
752 2526 825 2579 exta
842 2512 943 2579 Marti
960 2509 1188 2594 redderentur,
1204 2507 1416 2601 reliquisseque
1432 2506 1473 2578 nd

444 2634 600 2702 Octavios
616 2631 826 2700 reserrentur.

490 2753 533 2820 Π.
560 2755 608 2818 En
630 2775 710 2844 gens
731 2773 750 2816 a
769 2749 951 2841 Tarquinio
971 2749 1082 2817 Prisco
1103 2773 1179 2842 rege
1200 2748 1287 2816 inter
1305 2751 1477 2816 Romanas

444 2883 558 2963 gentes
572 2867 689 2938 allecta
704 2865 759 2962 [in
773 2863 970 2962 Senatum],
983 2891 1061 2934 mox
1076 2891 1096 2934 a
1110 2869 1178 2936 Ser.
1195 2865 1306 2934 Tullio
1321 2865 1355 2932 in
1370 2867 1480 2958 petri·

444 2987 511 3055 cies
528 2984 736 3071 transducta,
756 2984 956 3078 procedente
972 2999 1119 3078 tempore
1134 2983 1181 3055 nd
1192 2983 1319 3078 plebem
1335 3008 1369 3052 se
1393 3008 1480 3052 oon-

447 3101 538 3189 tnlit,
550 3128 589 3172 nc
604 3127 719 3172 rursus
732 3127 852 3195 magno
866 3100 1040 3169 intervallo
1052 3125 1112 3194 per
1123 3106 1166 3172 Ι).
1181 3101 1305 3172 iulium
1321 3104 1355 3169 in
1370 3103 1481 3196 petri-

446 3224 569 3290 ciatum
577 3221 684 3290 rediit.
692 3223 823 3290 Primus
833 3245 873 3288 ex
882 3221 944 3288 hec
954 3221 1183 3314 magistratum
1193 3217 1482 3314 populisuffingio

446 3341 532 3433 cepit
547 3341 586 3408 C.
604 3339 720 3407 Rufus.
737 3343 770 3407 ls
786 3340 980 3430 quaestorius
996 3341 1123 3408 Cneurn
1141 3353 1174 3407 et
1188 3341 1305 3408 Caium
1321 3363 1482 3433 procree-

447 3459 515 3524 vit:
529 3482 548 3525 a
560 3457 680 3550 quibus
692 3455 813 3552 duplex
828 3455 1040 3524 Octaviorum
1055 3455 1177 3524 familia
1191 3457 1343 3544 defluxit,
1357 3458 1484 3526 condi·

447 3578 536 3644 tione
550 3575 692 3660 diversn3
708 3573 870 3666 siquidem
884 3575 1008 3659 Gneus,
1024 3587 1057 3642 et
1071 3573 1224 3668 deinceps
1240 3575 1281 3643 ab
1297 3599 1338 3644 eo
1353 3575 1485 3672 reliqui

446 3719 574 3780 ornnes,
588 3693 692 3760 iuncti
708 3705 784 3759 suut
800 3691 979 3758 honoribus
994 3693 1141 3760 summis.
1160 3696 1205 3762 At
1219 3695 1319 3762 Ceius
1335 3697 1486 3789 ejusque

447 3814 587 3904 posteri,
606 3835 664 3878 seu
684 3809 834 3896 fortuna,
856 3833 913 3877 seu
932 3809 1120 3896 voluntate,
1138 3809 1173 3878 in
1193 3813 1336 3903 equestri
1356 3815 1489 3882 ordine

447 3933 640 4012 constitere,
660 3951 762 4019 usque
782 3927 823 3994 ad
845 3929 985 4020 Augusti
1005 3943 1143 4021 patrem.
1165 3931 1309 3998 Proavus
1329 3935 1488 4027 Augusti

448 4048 590 4117 secundo
609 4046 732 4138 punico
749 4042 835 4112 bello
852 4044 1013 4136 stipendia
1036 4048 1068 4112 in
1085 4045 1193 4114 Sicilia
1214 4047 1370 4118 tribunus
1397 4051 1491 4118 rnili-
