3168 5440
413 511 466 568 132
876 509 991 566 NOTAE

409 650 424 678 ι
438 627 624 700 Interpellat
640 643 700 699 quo
716 623 810 681 minus
826 625 989 698 respublica
1006 643 1023 680 a
1040 643 1086 680 sne
1099 625 1248 680 coturnosle
1266 625 1456 684 administrari

407 719 506 792 possit.
522 741 537 770 ι

450 811 610 881 Injadicio.
625 812 722 881 Quum
733 811 764 865 C.
772 808 929 870 Antonium
943 808 1125 880 defenderet,
1134 819 1217 866 antea
1229 811 1368 888 collegam
1374 829 1457 868 suurn

408 904 439 960 in
454 903 613 962 connrlatu.

448 997 499 1055 Ad
508 995 631 1069 plebem.
643 999 673 1050 Ρ.
688 995 807 1051 Clodius
820 1012 855 1050 ex
868 993 989 1068 patricia
998 1003 1082 1069 gente
1097 994 1216 1051 Claudia
1232 1004 1314 1051 ortus
1328 994 1458 1052 tradide-

407 1099 452 1146 rat
469 1107 499 1144 se
516 1087 713 1160 adoptandum
727 1091 755 1144 P.
770 1085 890 1144 Fonteio
904 1085 987 1157 cujus
1001 1085 1106 1142 familia
1119 1087 1232 1160 plebeia
1251 1097 1321 1142 erat.
1338 1087 1457 1160 Ursas„

409 1181 489 1236 Fam.
504 1198 593 1247 rom„
607 1197 635 1253 p.
659 1187 720 1248 til..
1046 1225 1048 1233 .

449 1272 577 1328 Isninrt't.
593 1271 639 1328 Sic
653 1283 770 1328 auctore
786 1273 876 1342 llase;
894 1283 927 1328 ut
940 1291 1011 1328 vero
1025 1271 1112 1328 docet
1126 1270 1203 1348 ipse,
1221 1271 1310 1326 verba
1327 1271 1457 1328 Suetonii

407 1382 493 1420 nemo
505 1363 661 1420 restituerit
674 1364 735 1420 sine
753 1364 888 1420 subsidiis
905 1365 999 1422 adhuc
1013 1365 1167 1438 irrepertis

445 1457 920 1531 Pmductusque.Ap1›ian.,ll.C.,
939 1477 981 1528 n,
996 1477 1025 1532 p.
1045 1459 1100 1525 434
1117 1477 1124 1511 z
1140 1467 1250 1529 οὺίτιος,
1261 1466 1321 1535 ἀνῦμ
1338 1459 1458 1536 δημότης,

408 1557 476 1618 ίςτδ
495 1559 568 1628 μέσον
595 1553 726 1628 ὖσδμιμὸν
747 1557 812 1628 psa-I
835 1553 939 1628 ξιφιδίου
960 1564 1066 1629 γυμνοῦ,
1085 1559 1266 1626 ὶπιπιμφθῆναι
1289 1559 1333 1626 Ipa
1355 1557 1415 1626 πρός
1430 1577 1458 1610 ss

408 1645 497 1702 stato
506 1690 513 1712 ,
522 1648 565 1702 ani
577 1651 724 1720 Κικέρωνος,
735 1649 778 1702 ani
788 1651 904 1710 Κάτωνος
914 1653 936 1711 t<
950 1651 1072 1721 ἀναίμισιν
1083 1651 1208 1720 Καίσαρός
1220 1668 1249 1701 τι
1264 1648 1308 1701 καὶ
1318 1647 1456 1718 ssopnnlao'

407 1741 450 1794 sai
464 1744 491 1794 rb
506 1737 607 1811 ξιφίδιον
618 1737 686 1811 αὐτῷ
698 1740 785 1796 stato
805 1737 942 1812 ῥαὸδοῦχον
956 1738 1083 1796 ἐπιδοῦναι
1097 1743 1256 1812 Ποστούμιον.

449 1828 499 1882 Ex
514 1839 672 1901 compacto.
690 1827 766 1896 Dio,
779 1845 913 1896 xxxvtn,
927 1827 965 1894 64
988 1848 995 1881 ἕ
1013 1838 1040 1888 ὴ
1052 1840 1270 1905 κατασκιυασμοῦ.

452 1921 572 1976 Veneno.
588 1921 748 1992 Plutarch,
762 1919 792 1974 in
808 1921 936 1986 Lucull„
954 1937 983 1993 p.
1000 1920 1080 1976 520:
1099 1929 1194 1996 Σημεῖα
1210 1927 1314 1996 ἀγχόνης
1332 1928 1378 1980 sal
1398 1937 1458 1986 ets·

407 2027 456 2090 γῶν
472 2021 578 2088 Ignaros,
593 2015 674 2072 llo'ast
687 2025 746 2090 παρ’
766 2022 845 2072 αὐτῶν
863 2021 997 2090 ἀνῃρῆσθαι
1011 2026 1059 2072 siat
1078 2021 1307 2088 napaeasooao'ros.

449 2104 516 2158 Car.
539 2103 623 2158 XXI.
645 2104 774 2157 Llromm.
798 2103 871 2174 Dio,
898 2122 1033 2173 xxxvru,
1048 2101 1086 2160 63
1103 2120 1110 2155 t
1127 2107 1242 2172 castarte
1261 2113 1291 2171 ὣς
1311 2112 1356 2164 aul
1371 2113 1407 2182 pal
1434 2132 1458 2164 ss

409 2205 538 2274 Πομπήϊος
550 2205 573 2255 la
586 2211 618 2270 τῇ
636 2203 746 2272 ἀπουσίᾳ
753 2205 828 2256 αὐτοῦ
843 2205 982 2275 νωτιρὶσμ.

450 2287 629 2342 Sententiam.
654 2289 741 2356 Gell,
760 2305 806 2357 rv,
826 2305 886 2342 ro:
912 2312 924 2337 α
941 2287 1101 2344 sententias
1123 2285 1246 2362 rogandi
1266 2287 1343 2344 ordo
1365 2288 1460 2344 varius

409 2379 470 2436 suit.
485 2379 562 2435 Alias
575 2379 685 2454 primus
705 2381 878 2456 rogabatur,
896 2381 948 2454 qui
967 2399 983 2436 a
999 2380 1165 2436 censoribus
1182 2380 1316 2454 princeps
1328 2381 1362 2436 iu
1377 2399 1459 2438 seua·

409 2483 470 2528 toni
487 2473 577 2528 lectus
599 2473 705 2542 suerat;
726 2473 808 2543 alias,
824 2473 875 2547 qui
889 2472 1029 2548 designati
1050 2473 1180 2530 consules
1195 2483 1284 2528 erant.
1301 2473 1430 2544 Quidam
1445 2493 1459 2528 e

409 2565 573 2621 consulibus
587 2565 684 2622 studio
707 2577 757 2622 aut
775 2566 942 2622 necessitate
956 2565 1089 2636 adducti,
1106 2583 1193 2639 quem
1214 2565 1248 2620 iis
1269 2565 1366 2622 visum
1381 2575 1458 2636 erat,

407 2657 526 2714 honoris
533 2657 623 2733 gratia
637 2668 718 2714 extra
732 2657 864 2715 ordinem
872 2657 1041 2714 sententiam
1054 2658 1181 2732 primurn
1197 2658 1351 2734 rogabant.
1364 2658 1459 2714 »Vide

410 2767 529 2824 quoque
548 2751 630 2806 Thes.
650 2751 760 2819 Groen,
781 2760 800 2805 t.
817 2769 843 2821 1,
858 2769 886 2824 p.
905 2769 973 2824 919.

454 2844 522 2898 Toto
534 2863 618 2898 anno.
633 2843 793 2900 Casaubon.
803 2842 936 2920 intelligit
945 2825 1006 2899 tota
1016 2853 1097 2917 parte
1112 2841 1180 2898 anni
1193 2861 1252 2916 qua
1261 2843 1398 2899 consules
1406 2841 1462 2898 de-

410 2933 512 3010 signati
528 2935 599 2990 nulli
613 2945 702 2992 erant.

449 3029 515 3082 Car.
531 3029 630 3084 XXII.
646 3031 720 3104 Lege
734 3029 854 3085 Vatinia.
868 3030 957 3086 Extra
970 3039 1092 3098 sortem,
1110 3029 1171 3084 sine
1185 3028 1303 3084 decreto
1326 3037 1464 3096 senatus;

409 3119 499 3193 idque
525 3129 626 3176 contra
646 3122 738 3198 legem
752 3121 964 3196 Semproniam,
988 3139 1046 3196 qua
1065 3121 1221 3178 cavebatur
1242 3131 1276 3176 ut
1302 3120 1465 3194 quotannis

408 3211 564 3285 provinciae
578 3212 809 3272 decernerentur.
818 3214 892 3270 Hinc
901 3213 958 3270 (ic.
976 3215 1006 3268 r'n
1020 3214 1047 3264 V
1045 3214 1130 3280 atio„
1146 3231 1165 3267 v
1175 3231 1182 3267 ι
1193 3238 1205 3266 α
1217 3212 1368 3286 eripueras
1376 3229 1466 3268 sena-

410 3303 452 3359 tui
464 3305 619 3378 provincia
633 3305 820 3364 decernenda
833 3317 1013 3380 potestatem.
1022 3325 1085 3380 sqq.
1096 3330 1109 3356 s

452 3397 596 3453 Attidem.
614 3398 703 3468 Quasi
719 3417 774 3472 per
784 3397 892 3471 jocans.
912 3399 1008 3474 Virg„
1024 3400 1136 3454 AEneid.
1146 3439 1155 3466 ,
1174 3417 1236 3469 vu,
1255 3417 1308 3469 ¹¹7
1332 3417 1340 3453 ι

516 3539 567 3588 Nec
579 3538 647 3606 plura
660 3538 776 3589 alludens.

450 3673 516 3728 Car.
531 3675 644 3731 XXIII.
660 3672 860 3746 Referentibus.
875 3676 911 3732 tt.
926 3695 950 3732 e.
965 3686 1094 3732 senatum
1103 3674 1272 3752 rogantibus
1288 3675 1365 3749 qnid
1380 3678 1475 3734 vide-

409 3774 490 3820 retur
500 3765 536 3820 de
549 3767 635 3822 rebus
648 3786 664 3824 a
683 3768 792 3824 Caesare
805 3767 890 3844 gestis
903 3767 933 3822 in
952 3769 1112 3824 comulatn

450 3844 536 3900 Abiit.
554 3845 618 3918 Ipse
632 3847 717 3902 docet
734 3847 807 3902 Bell.
825 3847 920 3912 Gall,
936 3866 966 3917 1,
981 3866 997 3918 7
1014 3857 1042 3902 et
1062 3866 1092 3902 ιι
1107 3866 1114 3900 :
1129 3871 1141 3896 s
1159 3845 1261 3904 Casiri
1276 3865 1375 3922 quum
1390 3869 1477 3905 nun·

410 3933 510 3990 tiattun
520 3947 592 3992 esset
604 3956 653 3993 eos
662 3937 730 4014 (scil.
741 3937 896 4014 Helvetios)
909 3957 963 4012 per
976 3937 1153 4012 provinciam
1161 3949 1290 3994 nostram
1300 3939 1360 3996 iter
1374 3941 1480 3998 facere

410 4027 520 4098 conari,
539 4038 663 4086 maturat
683 4030 719 4086 ab
739 4030 819 4086 Urbe
836 4027 995 4104 proficisci,
1014 4040 1042 4088 et
1056 4049 1143 4106 quaro
1160 4030 1290 4086 maximis
1309 4031 1481 4090 itineribus

409 4127 504 4188 potest
517 4118 547 4174 ln
557 4121 682 4198 ¹Galliam
696 4121 869 4178 Ulteriorem
883 4122 1039 4182 contendit.
1057 4147 1070 4172 ι
1098 4125 1102 4134 “

452 4207 586 4278 Quaestor
610 4211 680 4280 ejas.
705 4213 768 4270 Hoc
791 4224 868 4269 recte
890 4213 930 4270 sic
958 4214 1081 4288 explicat
1101 4217 1258 4271 Torrent:
1279 4241 1291 4266 a
1310 4219 1482 4286 Qnaestore
