3208 5430
505 481 551 563 'ns
573 509 783 564 nusuorun.
1109 507 1166 584 259

138 619 232 692 seph„
246 620 264 673 l·
285 638 309 674 c·
325 639 332 674 :
348 629 398 680 tat
413 629 433 680 si
451 631 494 699 pis
508 628 668 700 assuerunt,
678 632 806 699 Olnpcissns
819 631 861 682 nni
876 633 988 699 Βρούχος.
1003 628 1164 703 θήμρχοιδὶ

137 717 198 776 deas
214 721 355 788 ἀμφότεροι,
370 722 418 780 τοῖς
427 716 456 772 di
470 723 571 790 lzpissrs
585 724 633 781 τοῖς
648 723 731 790 λόγοις.

176 815 291 869 Diuersa
307 817 482 871 censentium.
497 817 567 886 Dio,
582 835 634 886 nx,
651 837 680 890 p.
702 817 759 883 664
784 838 791 871 ι
815 826 865 878 Kal
886 829 973 880 πολλαὶ
996 827 1038 881 nai
1056 826 1167 882 essesut

136 921 232 984 γνῶμαι
246 916 384 982 ἐλέχθησαν.

175 1013 242 1066 Csr.
257 1013 310 1068 XI.
325 1013 438 1066 Paucis.
456 1013 567 1068 Cbaerea
585 1023 614 1068 et
627 1015 725 1086 Lupo,
745 1017 963 1088 teste-loseph„
978 1017 1027 1071 ub.
1042 1033 1120 1088 sup,
1138 1013 1164 1071 3.

137 1102 285 1158 (laudium
302 1121 331 1158 se
343 1115 509 1160 necaturum
526 1106 651 1161 chereas
666 1105 784 1161 dixerat.
800 1105 874 1161 Vide
893 1109 1024 1176 lusura„
1037 1107 1105 1161 ibr'd.

178 1195 340 1268 Augustino.
355 1197 390 1252 Η.
407 1214 431 1251 e.
452 1214 512 1271 quo
526 1207 617 1252 statua
631 1197 751 1271 Augusti
769 1198 920 1254 terebatur.

177 1286 264 1340 Patri.
281 1287 342 1342 lmo
355 1287 429 1360 patri
443 1297 471 1342 et
482 1288 574 1344 matri.
588 1287 658 1358 Dio,
673 1305 724 1356 rx,
739 1307 767 1361 p.
783 1288 838 1358 667
855 1308 862 1342 τ
877 1301 918 1367 Τῷ
932 1293 961 1349 tt
976 1293 1008 1354 lt
1023 1300 1118 1369 sscien
1130 1307 1165 1368 τῷ

136 1385 223 1454 auspi,
236 1391 267 1456 τῇ
280 1407 309 1439 τι
324 1379 426 1458 Asrssip
439 1395 470 1458 τῇ
489 1389 561 1459 μητρὶ
578 1385 744 1460 ἱπποδρομίας
761 1391 784 1449 ts
797 1390 830 1441 ris
843 1389 941 1459 γενέσια
960 1384 1051 1444 liuns.

177 1483 366 1554 Neapolitano
383 1486 542 1539 certamine.
564 1487 655 1553 Quem
669 1486 708 1540 ita
725 1485 858 1540 describit
872 1485 981 1556 strab,
995 1503 1022 1555 r,
1037 1503 1066 1559 p.
1089 1502 1143 1555 ¹7⁰
1158 1506 1165 1542 τ

136 1573 206 1650 Anius
222 1586 370 1634 συντελιῖται
388 1589 447 1653 παρ’
460 1573 601 1651 αὐτοῖς’(εο.
616 1577 820 1652 Neapolitanis)
835 1587 946 1654 polensis
959 1604 987 1636 rs
1000 1583 1043 1636 nai
1055 1587 1166 1654 nupsisse

137 1670 177 1722 let
191 1674 285 1733 πλιίους
301 1675 403 1744 ἡμέρας,
417 1677 539 1744 lsn'psttss
548 1679 597 1735 τοῖς
608 1677 807 1745 Ιπιφανιστάτοις
821 1684 867 1727 τῶν
884 1675 951 1728 naris
964 1677 1007 1732 tin
1025 1664 1135 1728 Mela.

177 1769 285 1822 Docuit.
306 1768 402 1825 Edidit
415 1769 474 1844 ipse
492 1789 544 1825 suo
559 1772 647 1845 stylo,
662 1771 789 1846 discique
803 1789 819 1826 a
833 1770 948 1825 scenicis
960 1768 1050 1841 jussit.
1098 1793 1102 1805 .

176 1860 306 1914 liesct'dt't.
326 1861 401 1932 Dio,
415 1879 465 1932 tx,
482 1879 510 1935 p.
527 1862 582 1931 667
604 1873 667 1923 :Tt
689 1873 732 1941 pis
751 1867 784 1928 di
803 1867 840 1922 οὗν
861 1873 909 1923 bna'
929 1890 956 1921 τι
975 1867 1048 1920 Γαΐου
1065 1869 1107 1922 nni
1128 1873 1167 1942 W

136 1958 222 2027 ὶτίρων
237 1955 271 2010 δι’
287 1961 372 2012 incisos
387 1963 427 2012 siu
441 1963 510 2030 ὀρθῶς
523 1964 640 2031 γινόμενα
654 1962 775 2032 ἅνίτριψι.

177 2056 243 2109 Cur.
259 2057 324 2111 ΧΠ.
344 2059 495 2131 Transegit.
512 2057 578 2113 Sine
591 2057 707 2131 publica
720 2057 887 2112 testivitate:
909 2055 962 2112 illis
977 2057 1051 2112 enim
1065 2057 1170 2117 diebus

135 2153 164 2200 et
181 2145 230 2217 jus
248 2145 320 2202 dixit
338 2157 366 2202 et
385 2158 511 2203 senatum
529 2147 637 2203 habuit.
656 2149 697 2203 Cf.
719 2149 825 2217 Dion,
838 2147 888 2204 ub.
903 2166 981 2221 sup,
1001 2165 1029 2221 p.
1045 2148 1118 2216 668,
1137 2160 1166 2206 et

134 2238 260 2306 lunen,
277 2242 398 2306 Annal,
415 2258 439 2295 11
451 2281 459 2309 ,
473 2259 501 2313 p.
521 2241 583 2296 182.

173 2330 380 2385 Procuratores.
395 2331 529 2404 Intelligit
544 2334 585 2389 cl.
601 2333 678 2386 llase
692 2349 755 2387 cnm
769 2331 877 2386 Ernest.
892 2330 928 2386 de
936 2335 1164 2404 procuratoribus

119 2419 271 2494 principis
289 2422 339 2495 qui
355 2433 383 2478 et
397 2423 426 2477 in
444 2424 522 2480 Urbe
538 2422 608 2478 etin
622 2421 777 2496 provinciis
793 2430 887 2489 erant;
905 2439 965 2478 non
978 2421 1015 2478 de
1028 2423 1164 2497 prefectis

131 2512 287 2584 provinciis
307 2516 453 2584 Caesareis,
468 2515 519 2588 qui
532 2524 560 2569 et
573 2513 627 2587 ipsi
641 2527 837 2588 procuratores
855 2512 1029 2569 dicebantur.

171 2605 395 2679 Magnstratuurn.
429 2607 517 2662 intell.
555 2604 591 2662 de
616 2604 812 2676 jurisdictione
843 2603 1005 2674 ordinaria,
1030 2617 1162 2660 monente

130 2697 241 2752 Ernest.

172 2803 237 2857 css.
256 2803 338 2858 xm.
353 2803 411 2858 Per
414 2802 580 2874 factionem.
596 2803 630 2858 Η.
647 2821 671 2858 e.
686 2801 923 2876 conspirationem
941 2799 1014 2854 Galli
1031 2801 1120 2856 Asinii
1134 2813 1163 2857 et

128 2893 233 2948 Statilii
247 2894 371 2950 Corvini.
822 2897 825 2904 ⁴

173 2985 255 3040 Civili
268 2987 348 3041 bello.
365 2991 409 3042 Sc.
425 2985 612 3042 Scriboniani.

172 3077 273 3132 Gallus
288 3079 410 3133 Asinius.
425 3083 459 3134 A.
477 3080 512 3135 U.
529 3097 593 3152 799.

171 3169 374 3224 Scriboniorum.
389 3173 423 3226 A.
439 3171 476 3227 U.
491 3171 557 3242 795.
576 3170 659 3224 Hunc
675 3167 712 3222 nd
730 3167 919 3223 deiectionem
932 3168 1086 3241 pellexerat
1099 3174 1161 3225 An·
1234 3160 1236 3166 ¹

126 3259 192 3314 nius
208 3260 388 3330 Vinicianus,
405 3271 476 3316 teste
494 3261 598 3330 Dion,
617 3279 669 3328 nx,
683 3279 712 3332 p.
727 3260 794 3330 674.

168 3350 326 3424 Oppressus
342 3366 391 3409 est.
409 3353 525 3408 Diversa
540 3353 576 3407 de
593 3352 678 3422 bujns
697 3352 774 3406 exitu
793 3361 909 3404 nunant
927 3353 1028 3422 Oros,
1047 3372 1108 3422 vn,
1125 3353 1161 3424 6,

124 3458 153 3502 et
168 3449 239 3515 Dio,
253 3447 302 3501 ub.
312 3465 374 3519 sup.

166 3555 231 3610 Css.
252 3555 326 3608 xlv.
344 3553 501 3606 Pastinum.
516 3551 575 3618 Qui
588 3561 681 3625 gestus
694 3550 785 3604 iuerat
798 3552 831 3604 A.
847 3549 882 3604 U.
899 3565 963 3622 790·

166 3649 243 3700 Duos
255 3646 369 3716 primos.
387 3641 512 3698 Priorem
535 3660 599 3698 cunr
613 3645 642 3697 C.
658 3644 765 3716 Largo,
781 3644 815 3694 A.
836 3643 870 3696 U.
888 3640 958 3714 7953
971 3641 1158 3713 posteriorem

123 3755 189 3793 cum
204 3738 235 3791 L.
249 3735 377 3806 Vitellio,
392 3739 425 3790 A.
439 3737 474 3792 U.
493 3734 557 3807 796.

166 3829 326 3902 Sequentcs.
340 3826 468 3882 Tertium
482 3845 546 3880 cum
567 3827 599 3879 L.
615 3825 743 3893 Vitellio,
759 3831 791 3881 A.
806 3829 841 3882 U.
858 3826 931 3894 too;
949 3834 1080 3898 quartum
1094 3841 1157 3878 curn

126 3916 209 3972 Serv.
222 3918 356 3974 Cornelio
376 3916 486 3986 Orfito,
510 3920 543 3973 A.
565 3919 598 3973 U.
619 3919 686 3982 sos.

165 4007 315 4080 Suffectus.
340 4007 392 4063 cui
412 4007 546 4064 suffectus
573 4007 675 4078 inerit,
696 4027 730 4063 eo
753 4009 846 4063 minus
872 4017 1000 4075 constat,
1028 4024 1116 4078 quum
1143 4025 1158 4060 n

125 4098 209 4154 Dion.
224 4111 256 4154 nt
271 4097 430 4154 ordinarius
444 4101 542 4153 consul
560 4098 731 4154 nominetur.
746 4099 905 4154 Probabilis
918 4096 1030 4150 ridetur
1040 4096 1159 4150 Ouden-

986 4219 1036 4287 17.
