<?xml version="1.0" encoding="UTF-8"?>
<!DOCTYPE html PUBLIC "-//W3C//DTD XHTML 1.0 Transitional//EN"
    "http://www.w3.org/TR/xhtml1/DTD/xhtml1-transitional.dtd">
<html xmlns="http://www.w3.org/1999/xhtml" xml:lang="en" lang="en">
 <head>
  <title>
</title>
<meta http-equiv="Content-Type" content="text/html;charset=utf-8" />
  <meta name='ocr-system' content='tesseract 3.04.00' />
  <meta name='ocr-capabilities' content='ocr_page ocr_carea ocr_par ocr_line ocrx_word'/>
</head>
<body>
  <div class='ocr_page' id='page_1' title='image "./caiisuetonitran00grosgoog_0361.png"; bbox 0 0 3098 5446; ppageno 0'>
   <div class='ocr_carea' id='block_1_1' title="bbox 434 465 1060 532">
    <p class='ocr_par' dir='ltr' id='par_1_1' title="bbox 434 465 1060 532">
     <span class='ocr_line' id='line_1_1' title="bbox 434 465 1060 532; baseline 0.01 -16"><span class='ocrx_word' id='word_1_1' title='bbox 434 474 471 532; x_wconf 69' lang='lat'>56</span> <span class='ocrx_word' id='word_1_2' title='bbox 831 465 861 522; x_wconf 91' lang='lat' dir='ltr'>c.</span> <span class='ocrx_word' id='word_1_3' title='bbox 884 467 1060 523; x_wconf 76' lang='lat' dir='ltr'>suenonis</span> 
     </span>
    </p>
   </div>
   <div class='ocr_carea' id='block_1_2' title="bbox 430 591 1457 1289">
    <p class='ocr_par' dir='ltr' id='par_1_2' title="bbox 430 591 1457 1289">
     <span class='ocr_line' id='line_1_2' title="bbox 431 591 1452 686; baseline -0.005 -24"><span class='ocrx_word' id='word_1_4' title='bbox 431 593 473 662; x_wconf 90' lang='lat' dir='ltr'>ad</span> <span class='ocrx_word' id='word_1_5' title='bbox 489 617 622 686; x_wconf 84' lang='lat' dir='ltr'>poenam</span> <span class='ocrx_word' id='word_1_6' title='bbox 642 591 879 686; x_wconf 85' lang='lat' dir='ltr'>deposcerent,</span> <span class='ocrx_word' id='word_1_7' title='bbox 900 591 988 661; x_wconf 90' lang='lat' dir='ltr'>haud</span> <span class='ocrx_word' id='word_1_8' title='bbox 1014 607 1211 662; x_wconf 77' lang='lat' dir='ltr'>cunctanter</span> <span class='ocrx_word' id='word_1_9' title='bbox 1237 591 1407 686; x_wconf 78' lang='lat' dir='ltr'>oppressit.</span> <span class='ocrx_word' id='word_1_10' title='bbox 1423 592 1452 658; x_wconf 90' lang='lat' dir='ltr'>ln</span> 
     </span>
     <span class='ocr_line' id='line_1_3' title="bbox 430 697 1454 798; baseline -0.004 -16"><span class='ocrx_word' id='word_1_11' title='bbox 430 714 481 783; x_wconf 91' lang='lat' dir='ltr'>his</span> <span class='ocrx_word' id='word_1_12' title='bbox 498 716 539 783; x_wconf 82' lang='grc' dir='ltr'>Δ.</span> <span class='ocrx_word' id='word_1_13' title='bbox 552 697 722 782; x_wconf 74' lang='lat' dir='ltr'>Caecinam</span> <span class='ocrx_word' id='word_1_14' title='bbox 735 709 944 782; x_wconf 82' lang='lat' dir='ltr'>consularem</span> <span class='ocrx_word' id='word_1_15' title='bbox 956 714 1082 798; x_wconf 88' lang='lat' dir='ltr'>virum,</span> <span class='ocrx_word' id='word_1_16' title='bbox 1094 697 1256 782; x_wconf 69' lang='lat' dir='ltr'>&#39;bocetum</span> <span class='ocrx_word' id='word_1_17' title='bbox 1272 711 1314 780; x_wconf 92' lang='lat' dir='ltr'>ad</span> <span class='ocrx_word' id='word_1_18' title='bbox 1330 736 1454 796; x_wconf 88' lang='lat' dir='ltr'>coenan,</span> 
     </span>
     <span class='ocr_line' id='line_1_4' title="bbox 430 821 1454 930; baseline -0.003 -26"><span class='ocrx_word' id='word_1_19' title='bbox 430 861 469 904; x_wconf 89' lang='lat' dir='ltr'>ac</span> <span class='ocrx_word' id='word_1_20' title='bbox 488 834 625 902; x_wconf 84' lang='lat' dir='ltr'>vixdum</span> <span class='ocrx_word' id='word_1_21' title='bbox 646 831 793 903; x_wconf 91' lang='lat' dir='ltr'>triclinio</span> <span class='ocrx_word' id='word_1_22' title='bbox 811 857 997 929; x_wconf 87' lang='lat' dir='ltr'>egressum,</span> <span class='ocrx_word' id='word_1_23' title='bbox 1017 833 1152 904; x_wconf 87' lang='lat' dir='ltr'>confodi</span> <span class='ocrx_word' id='word_1_24' title='bbox 1170 835 1268 930; x_wconf 89' lang='lat' dir='ltr'>jussit</span> <span class='ocrx_word' id='word_1_25' title='bbox 1291 821 1396 904; x_wconf 47' lang='lat' dir='ltr'>:tsane</span> <span class='ocrx_word' id='word_1_26' title='bbox 1410 858 1454 901; x_wconf 93' lang='lat' dir='ltr'>ur·</span> 
     </span>
     <span class='ocr_line' id='line_1_5' title="bbox 432 953 1455 1052; baseline -0.003 -28"><span class='ocrx_word' id='word_1_27' title='bbox 432 968 530 1052; x_wconf 89' lang='lat' dir='ltr'>gente</span> <span class='ocrx_word' id='word_1_28' title='bbox 546 953 756 1039; x_wconf 85' lang='lat' dir='ltr'>discrimine,</span> <span class='ocrx_word' id='word_1_29' title='bbox 777 978 881 1046; x_wconf 91' lang='lat' dir='ltr'>quum</span> <span class='ocrx_word' id='word_1_30' title='bbox 900 955 1000 1023; x_wconf 89' lang='lat' dir='ltr'>etiam</span> <span class='ocrx_word' id='word_1_31' title='bbox 1019 955 1278 1050; x_wconf 78' lang='lat' dir='ltr'>chirographum</span> <span class='ocrx_word' id='word_1_32' title='bbox 1296 955 1370 1048; x_wconf 90' lang='lat' dir='ltr'>ejus</span> <span class='ocrx_word' id='word_1_33' title='bbox 1387 979 1455 1048; x_wconf 83' lang='lat' dir='ltr'>pre·</span> 
     </span>
     <span class='ocr_line' id='line_1_6' title="bbox 432 1071 1457 1171; baseline -0.002 -27"><span class='ocrx_word' id='word_1_34' title='bbox 432 1089 557 1171; x_wconf 77' lang='lat' dir='ltr'>paratae</span> <span class='ocrx_word' id='word_1_35' title='bbox 580 1073 671 1168; x_wconf 93' lang='lat' dir='ltr'>apud</span> <span class='ocrx_word' id='word_1_36' title='bbox 694 1071 816 1143; x_wconf 89' lang='lat' dir='ltr'>milites</span> <span class='ocrx_word' id='word_1_37' title='bbox 837 1076 1009 1145; x_wconf 91' lang='lat' dir='ltr'>concionis</span> <span class='ocrx_word' id='word_1_38' title='bbox 1037 1074 1317 1169; x_wconf 78' lang='lat' dir='ltr'>deprehendisset.</span> <span class='ocrx_word' id='word_1_39' title='bbox 1341 1073 1457 1164; x_wconf 82' lang='lat' dir='ltr'>Quibus</span> 
     </span>
     <span class='ocr_line' id='line_1_7' title="bbox 433 1193 1457 1289; baseline -0.003 -25"><span class='ocrx_word' id='word_1_40' title='bbox 433 1195 533 1265; x_wconf 87' lang='lat' dir='ltr'>rebus</span> <span class='ocrx_word' id='word_1_41' title='bbox 554 1195 639 1265; x_wconf 86' lang='lat' dir='ltr'>sicut</span> <span class='ocrx_word' id='word_1_42' title='bbox 666 1197 699 1264; x_wconf 92' lang='lat' dir='ltr'>in</span> <span class='ocrx_word' id='word_1_43' title='bbox 727 1209 899 1289; x_wconf 87' lang='lat' dir='ltr'>posterum</span> <span class='ocrx_word' id='word_1_44' title='bbox 926 1196 1097 1265; x_wconf 88' lang='lat' dir='ltr'>securitati</span> <span class='ocrx_word' id='word_1_45' title='bbox 1124 1197 1202 1264; x_wconf 88' lang='lat' dir='ltr'>satis</span> <span class='ocrx_word' id='word_1_46' title='bbox 1229 1196 1334 1282; x_wconf 85' lang='lat' dir='ltr'>cavit,</span> <span class='ocrx_word' id='word_1_47' title='bbox 1362 1195 1405 1263; x_wconf 88' lang='lat' dir='ltr'>ita</span> <span class='ocrx_word' id='word_1_48' title='bbox 1427 1193 1457 1262; x_wconf 86' lang='lat' dir='ltr'>ad</span> 
     </span>
    </p>
   </div>
   <div class='ocr_carea' id='block_1_3' title="bbox 431 1305 1524 1412">
    <p class='ocr_par' dir='ltr' id='par_1_3' title="bbox 431 1305 1524 1412">
     <span class='ocr_line' id='line_1_8' title="bbox 431 1305 1524 1412; baseline -0.003 -26"><span class='ocrx_word' id='word_1_49' title='bbox 431 1340 575 1410; x_wconf 73' lang='lat' dir='ltr'>praesens</span> <span class='ocrx_word' id='word_1_50' title='bbox 600 1314 783 1411; x_wconf 91' lang='lat' dir='ltr'>plurimum</span> <span class='ocrx_word' id='word_1_51' title='bbox 809 1305 975 1386; x_wconf 82' lang='lat' dir='ltr'>contraxit</span> <span class='ocrx_word' id='word_1_52' title='bbox 998 1315 1132 1385; x_wconf 74' lang='lat' dir='ltr'>invidiae</span> <span class='ocrx_word' id='word_1_53' title='bbox 1159 1342 1168 1384; x_wconf 76' lang='grc' dir='ltr'><em>τ</em></span> <span class='ocrx_word' id='word_1_54' title='bbox 1195 1329 1233 1385; x_wconf 92' lang='lat' dir='ltr'>ut</span> <span class='ocrx_word' id='word_1_55' title='bbox 1260 1341 1329 1384; x_wconf 92' lang='lat' dir='ltr'>non</span> <span class='ocrx_word' id='word_1_56' title='bbox 1353 1330 1458 1384; x_wconf 85' lang='lat' dir='ltr'>temere</span> <span class='ocrx_word' id='word_1_57' title='bbox 1523 1409 1524 1412; x_wconf 8' lang='grc' dir='ltr'><strong>Ἴ</strong></span> 
     </span>
    </p>
   </div>
   <div class='ocr_carea' id='block_1_4' title="bbox 429 1435 1461 2135">
    <p class='ocr_par' dir='ltr' id='par_1_4' title="bbox 429 1435 1457 1653">
     <span class='ocr_line' id='line_1_9' title="bbox 432 1435 1457 1532; baseline -0.001 -28"><span class='ocrx_word' id='word_1_58' title='bbox 432 1438 506 1531; x_wconf 89' lang='lat' dir='ltr'>quis</span> <span class='ocrx_word' id='word_1_59' title='bbox 530 1451 596 1505; x_wconf 89' lang='lat' dir='ltr'>tam</span> <span class='ocrx_word' id='word_1_60' title='bbox 625 1435 764 1505; x_wconf 89' lang='lat' dir='ltr'>adverso</span> <span class='ocrx_word' id='word_1_61' title='bbox 789 1461 944 1524; x_wconf 86' lang='lat' dir='ltr'>rumore,</span> <span class='ocrx_word' id='word_1_62' title='bbox 967 1437 1141 1532; x_wconf 81' lang='lat' dir='ltr'>magisque</span> <span class='ocrx_word' id='word_1_63' title='bbox 1162 1437 1275 1506; x_wconf 88' lang='lat' dir='ltr'>invitis</span> <span class='ocrx_word' id='word_1_64' title='bbox 1297 1435 1457 1520; x_wconf 89' lang='lat' dir='ltr'>omnibus,</span> 
     </span>
     <span class='ocr_line' id='line_1_10' title="bbox 429 1558 914 1653; baseline -0.004 -25"><span class='ocrx_word' id='word_1_65' title='bbox 429 1559 601 1628; x_wconf 89' lang='lat' dir='ltr'>transierit</span> <span class='ocrx_word' id='word_1_66' title='bbox 619 1558 661 1626; x_wconf 87' lang='lat' dir='ltr'>ad</span> <span class='ocrx_word' id='word_1_67' title='bbox 678 1559 914 1653; x_wconf 85' lang='lat' dir='ltr'>principatum.</span> 
     </span>
    </p>

    <p class='ocr_par' dir='ltr' id='par_1_5' title="bbox 429 1675 1461 2135">
     <span class='ocr_line' id='line_1_11' title="bbox 480 1675 1459 1772; baseline -0.005 -23"><span class='ocrx_word' id='word_1_68' title='bbox 480 1681 557 1750; x_wconf 92' lang='lat' dir='ltr'>Vll.</span> <span class='ocrx_word' id='word_1_69' title='bbox 576 1681 701 1748; x_wconf 86' lang='lat' dir='ltr'>Praeter</span> <span class='ocrx_word' id='word_1_70' title='bbox 724 1678 881 1748; x_wconf 75' lang='lat' dir='ltr'>sevitiam</span> <span class='ocrx_word' id='word_1_71' title='bbox 906 1693 1058 1772; x_wconf 87' lang='lat' dir='ltr'>suspecta</span> <span class='ocrx_word' id='word_1_72' title='bbox 1081 1681 1116 1748; x_wconf 91' lang='lat' dir='ltr'>in</span> <span class='ocrx_word' id='word_1_73' title='bbox 1145 1703 1187 1748; x_wconf 93' lang='lat' dir='ltr'>eo</span> <span class='ocrx_word' id='word_1_74' title='bbox 1211 1679 1314 1748; x_wconf 86' lang='lat' dir='ltr'>etiam</span> <span class='ocrx_word' id='word_1_75' title='bbox 1341 1675 1459 1746; x_wconf 83' lang='lat' dir='ltr'>luxuria</span> 
     </span>
     <span class='ocr_line' id='line_1_12' title="bbox 429 1797 1459 1893; baseline -0.003 -24"><span class='ocrx_word' id='word_1_76' title='bbox 429 1815 517 1888; x_wconf 87' lang='lat' dir='ltr'>erat,</span> <span class='ocrx_word' id='word_1_77' title='bbox 536 1797 627 1893; x_wconf 92' lang='lat' dir='ltr'>quod</span> <span class='ocrx_word' id='word_1_78' title='bbox 644 1797 687 1867; x_wconf 88' lang='lat' dir='ltr'>ad</span> <span class='ocrx_word' id='word_1_79' title='bbox 699 1797 844 1868; x_wconf 84' lang='lat' dir='ltr'>mediam</span> <span class='ocrx_word' id='word_1_80' title='bbox 863 1814 993 1868; x_wconf 88' lang='lat' dir='ltr'>noctem</span> <span class='ocrx_word' id='word_1_81' title='bbox 1006 1799 1255 1869; x_wconf 87' lang='lat' dir='ltr'>comissationes</span> <span class='ocrx_word' id='word_1_82' title='bbox 1267 1823 1343 1868; x_wconf 91' lang='lat' dir='ltr'>cum</span> <span class='ocrx_word' id='word_1_83' title='bbox 1357 1797 1459 1892; x_wconf 84' lang='lat' dir='ltr'>profu·</span> 
     </span>
     <span class='ocr_line' id='line_1_13' title="bbox 429 1916 1461 2013; baseline -0.006 -23"><span class='ocrx_word' id='word_1_84' title='bbox 429 1922 557 1990; x_wconf 90' lang='lat' dir='ltr'>sissimo</span> <span class='ocrx_word' id='word_1_85' title='bbox 586 1941 720 2013; x_wconf 91' lang='lat' dir='ltr'>quoque</span> <span class='ocrx_word' id='word_1_86' title='bbox 746 1917 959 1989; x_wconf 87' lang='lat' dir='ltr'>familiarium</span> <span class='ocrx_word' id='word_1_87' title='bbox 980 1918 1184 1990; x_wconf 83' lang='lat' dir='ltr'>extenderet.</span> <span class='ocrx_word' id='word_1_88' title='bbox 1211 1921 1280 1990; x_wconf 87' lang='lat' dir='ltr'>Nec</span> <span class='ocrx_word' id='word_1_89' title='bbox 1303 1920 1409 1986; x_wconf 85' lang='lat' dir='ltr'>minus</span> <span class='ocrx_word' id='word_1_90' title='bbox 1431 1916 1461 1984; x_wconf 92' lang='lat' dir='ltr'>li·</span> 
     </span>
     <span class='ocr_line' id='line_1_14' title="bbox 429 2037 1460 2135; baseline -0.004 -26"><span class='ocrx_word' id='word_1_91' title='bbox 429 2040 528 2125; x_wconf 91' lang='lat' dir='ltr'>bido,</span> <span class='ocrx_word' id='word_1_92' title='bbox 551 2054 687 2134; x_wconf 89' lang='lat' dir='ltr'>propter</span> <span class='ocrx_word' id='word_1_93' title='bbox 699 2037 904 2108; x_wconf 87' lang='lat' dir='ltr'>exoletorum</span> <span class='ocrx_word' id='word_1_94' title='bbox 916 2055 949 2109; x_wconf 89' lang='lat' dir='ltr'>et</span> <span class='ocrx_word' id='word_1_95' title='bbox 958 2040 1145 2134; x_wconf 88' lang='lat' dir='ltr'>spadonum</span> <span class='ocrx_word' id='word_1_96' title='bbox 1162 2063 1298 2135; x_wconf 81' lang='lat' dir='ltr'>greges,</span> <span class='ocrx_word' id='word_1_97' title='bbox 1317 2052 1460 2134; x_wconf 90' lang='lat' dir='ltr'>propter·</span> 
     </span>
    </p>
   </div>
   <div class='ocr_carea' id='block_1_5' title="bbox 429 2159 1524 2254">
    <p class='ocr_par' dir='ltr' id='par_1_6' title="bbox 429 2159 1524 2254">
     <span class='ocr_line' id='line_1_15' title="bbox 429 2159 1524 2254; baseline -0.005 -24"><span class='ocrx_word' id='word_1_98' title='bbox 429 2161 496 2254; x_wconf 87' lang='lat' dir='ltr'>que</span> <span class='ocrx_word' id='word_1_99' title='bbox 523 2161 686 2254; x_wconf 84' lang='lat' dir='ltr'>insignem</span> <span class='ocrx_word' id='word_1_100' title='bbox 716 2160 838 2252; x_wconf 73' lang='lat' dir='ltr'>regina</span> <span class='ocrx_word' id='word_1_101' title='bbox 868 2161 1042 2230; x_wconf 88' lang='lat' dir='ltr'>Berenices</span> <span class='ocrx_word' id='word_1_102' title='bbox 1075 2183 1246 2250; x_wconf 79' lang='lat' dir='ltr'>amorem,</span> <span class='ocrx_word' id='word_1_103' title='bbox 1286 2161 1340 2228; x_wconf 90' lang='lat' dir='ltr'>cui</span> <span class='ocrx_word' id='word_1_104' title='bbox 1373 2159 1459 2226; x_wconf 87' lang='lat' dir='ltr'>etiam</span> <span class='ocrx_word' id='word_1_105' title='bbox 1523 2173 1524 2182; x_wconf 64' lang='lat'><em>²</em></span> 
     </span>
    </p>
   </div>
   <div class='ocr_carea' id='block_1_6' title="bbox 430 2275 1462 2617">
    <p class='ocr_par' dir='ltr' id='par_1_7' title="bbox 430 2275 1462 2617">
     <span class='ocr_line' id='line_1_16' title="bbox 432 2275 1462 2386; baseline -0.002 -38"><span class='ocrx_word' id='word_1_106' title='bbox 432 2281 566 2375; x_wconf 90' lang='lat' dir='ltr'>nuptias</span> <span class='ocrx_word' id='word_1_107' title='bbox 582 2275 751 2374; x_wconf 85' lang='lat' dir='ltr'>pollicitus</span> <span class='ocrx_word' id='word_1_108' title='bbox 771 2277 948 2349; x_wconf 87' lang='lat' dir='ltr'>ferebatur.</span> <span class='ocrx_word' id='word_1_109' title='bbox 963 2281 1121 2375; x_wconf 87' lang='lat' dir='ltr'>Suspecta</span> <span class='ocrx_word' id='word_1_110' title='bbox 1134 2295 1169 2349; x_wconf 88' lang='lat' dir='ltr'>et</span> <span class='ocrx_word' id='word_1_111' title='bbox 1183 2280 1364 2374; x_wconf 85' lang='lat' dir='ltr'>rapacitas;</span> <span class='ocrx_word' id='word_1_112' title='bbox 1381 2276 1462 2386; x_wconf 84' lang='lat' dir='ltr'>quod</span> 
     </span>
     <span class='ocr_line' id='line_1_17' title="bbox 432 2385 1462 2495; baseline -0.005 -25"><span class='ocrx_word' id='word_1_113' title='bbox 432 2399 619 2484; x_wconf 89' lang='lat' dir='ltr'>constabat,</span> <span class='ocrx_word' id='word_1_114' title='bbox 637 2399 671 2466; x_wconf 90' lang='lat' dir='ltr'>in</span> <span class='ocrx_word' id='word_1_115' title='bbox 692 2385 938 2494; x_wconf 88' lang='lat' dir='ltr'>cognitionibus</span> <span class='ocrx_word' id='word_1_116' title='bbox 957 2401 1061 2495; x_wconf 86' lang='lat' dir='ltr'>patris</span> <span class='ocrx_word' id='word_1_117' title='bbox 1086 2399 1267 2469; x_wconf 90' lang='lat' dir='ltr'>nundinari</span> <span class='ocrx_word' id='word_1_118' title='bbox 1291 2399 1462 2494; x_wconf 76' lang='lat' dir='ltr'>praemiari-</span> 
     </span>
     <span class='ocr_line' id='line_1_18' title="bbox 430 2507 1462 2617; baseline -0.001 -28"><span class='ocrx_word' id='word_1_119' title='bbox 430 2545 495 2614; x_wconf 87' lang='lat' dir='ltr'>que</span> <span class='ocrx_word' id='word_1_120' title='bbox 514 2517 659 2588; x_wconf 90' lang='lat' dir='ltr'>solitum.</span> <span class='ocrx_word' id='word_1_121' title='bbox 679 2520 834 2612; x_wconf 91' lang='lat' dir='ltr'>Denique</span> <span class='ocrx_word' id='word_1_122' title='bbox 850 2518 1022 2617; x_wconf 87' lang='lat' dir='ltr'>propalam</span> <span class='ocrx_word' id='word_1_123' title='bbox 1041 2517 1145 2590; x_wconf 85' lang='lat' dir='ltr'>alium</span> <span class='ocrx_word' id='word_1_124' title='bbox 1160 2507 1332 2591; x_wconf 86' lang='lat' dir='ltr'>Neronem</span> <span class='ocrx_word' id='word_1_125' title='bbox 1350 2535 1383 2589; x_wconf 91' lang='lat' dir='ltr'>et</span> <span class='ocrx_word' id='word_1_126' title='bbox 1396 2521 1462 2615; x_wconf 93' lang='lat' dir='ltr'>opi·</span> 
     </span>
    </p>
   </div>
   <div class='ocr_carea' id='block_1_7' title="bbox 429 2639 1524 2756">
    <p class='ocr_par' dir='ltr' id='par_1_8' title="bbox 429 2639 1524 2756">
     <span class='ocr_line' id='line_1_19' title="bbox 429 2639 1524 2756; baseline -0.002 -46"><span class='ocrx_word' id='word_1_127' title='bbox 429 2641 608 2728; x_wconf 85' lang='lat' dir='ltr'>nabantur,</span> <span class='ocrx_word' id='word_1_128' title='bbox 627 2653 660 2706; x_wconf 87' lang='lat' dir='ltr'>ct</span> <span class='ocrx_word' id='word_1_129' title='bbox 678 2639 914 2733; x_wconf 74' lang='lat' dir='ltr'>predicabant.</span> <span class='ocrx_word' id='word_1_130' title='bbox 937 2645 980 2711; x_wconf 86' lang='lat' dir='ltr'>At</span> <span class='ocrx_word' id='word_1_131' title='bbox 998 2639 1046 2710; x_wconf 91' lang='lat' dir='ltr'>illi</span> <span class='ocrx_word' id='word_1_132' title='bbox 1060 2665 1098 2710; x_wconf 90' lang='lat' dir='ltr'>ea</span> <span class='ocrx_word' id='word_1_133' title='bbox 1118 2641 1203 2710; x_wconf 85' lang='lat' dir='ltr'>sama</span> <span class='ocrx_word' id='word_1_134' title='bbox 1222 2665 1285 2756; x_wconf 81' lang='lat' dir='ltr'>pro</span> <span class='ocrx_word' id='word_1_135' title='bbox 1299 2640 1387 2710; x_wconf 92' lang='lat' dir='ltr'>bono</span> <span class='ocrx_word' id='word_1_136' title='bbox 1402 2665 1461 2708; x_wconf 85' lang='lat' dir='ltr'>ees·</span> <span class='ocrx_word' id='word_1_137' title='bbox 1523 2711 1524 2720; x_wconf 54' lang='grc'>,</span> 
     </span>
    </p>
   </div>
   <div class='ocr_carea' id='block_1_8' title="bbox 428 2746 1464 3096">
    <p class='ocr_par' dir='ltr' id='par_1_9' title="bbox 428 2746 1464 3096">
     <span class='ocr_line' id='line_1_20' title="bbox 429 2746 1464 2854; baseline -0.003 -24"><span class='ocrx_word' id='word_1_138' title='bbox 429 2763 486 2848; x_wconf 87' lang='lat' dir='ltr'>sit,</span> <span class='ocrx_word' id='word_1_139' title='bbox 507 2783 734 2853; x_wconf 85' lang='lat' dir='ltr'>conversaque</span> <span class='ocrx_word' id='word_1_140' title='bbox 752 2761 850 2828; x_wconf 89' lang='lat' dir='ltr'>estin</span> <span class='ocrx_word' id='word_1_141' title='bbox 865 2762 1025 2851; x_wconf 85' lang='lat' dir='ltr'>maximas</span> <span class='ocrx_word' id='word_1_142' title='bbox 1040 2759 1170 2850; x_wconf 88' lang='lat' dir='ltr'>laudes,</span> <span class='ocrx_word' id='word_1_143' title='bbox 1189 2785 1297 2854; x_wconf 88' lang='lat' dir='ltr'>neque</span> <span class='ocrx_word' id='word_1_144' title='bbox 1307 2746 1389 2830; x_wconf 91' lang='lat' dir='ltr'>vitio</span> <span class='ocrx_word' id='word_1_145' title='bbox 1402 2757 1464 2829; x_wconf 90' lang='lat' dir='ltr'>ullo</span> 
     </span>
     <span class='ocr_line' id='line_1_21' title="bbox 430 2859 1462 2976; baseline -0.004 -26"><span class='ocrx_word' id='word_1_146' title='bbox 430 2897 580 2976; x_wconf 91' lang='lat' dir='ltr'>reperto,</span> <span class='ocrx_word' id='word_1_147' title='bbox 602 2898 635 2949; x_wconf 88' lang='lat' dir='ltr'>et</span> <span class='ocrx_word' id='word_1_148' title='bbox 653 2895 769 2949; x_wconf 89' lang='lat' dir='ltr'>contra</span> <span class='ocrx_word' id='word_1_149' title='bbox 790 2882 967 2950; x_wconf 89' lang='lat' dir='ltr'>virtutibus</span> <span class='ocrx_word' id='word_1_150' title='bbox 983 2885 1130 2951; x_wconf 88' lang='lat' dir='ltr'>summis.</span> <span class='ocrx_word' id='word_1_151' title='bbox 1149 2883 1313 2952; x_wconf 84' lang='lat' dir='ltr'>Convivia</span> <span class='ocrx_word' id='word_1_152' title='bbox 1328 2859 1462 2950; x_wconf 82' lang='lat' dir='ltr'>instituit</span> 
     </span>
     <span class='ocr_line' id='line_1_22' title="bbox 428 2986 1462 3096; baseline -0.005 -26"><span class='ocrx_word' id='word_1_153' title='bbox 428 3000 577 3095; x_wconf 87' lang='lat' dir='ltr'>jucunda</span> <span class='ocrx_word' id='word_1_154' title='bbox 598 3003 718 3095; x_wconf 87' lang='lat' dir='ltr'>magis,</span> <span class='ocrx_word' id='word_1_155' title='bbox 747 3025 847 3093; x_wconf 90' lang='lat' dir='ltr'>qnam</span> <span class='ocrx_word' id='word_1_156' title='bbox 872 3001 1018 3095; x_wconf 81' lang='lat' dir='ltr'>profusa.</span> <span class='ocrx_word' id='word_1_157' title='bbox 1048 3003 1182 3072; x_wconf 85' lang='lat' dir='ltr'>Amicos</span> <span class='ocrx_word' id='word_1_158' title='bbox 1207 2986 1324 3096; x_wconf 89' lang='lat' dir='ltr'>elegit,</span> <span class='ocrx_word' id='word_1_159' title='bbox 1350 3001 1462 3095; x_wconf 88' lang='lat' dir='ltr'>quibus</span> 
     </span>
    </p>
   </div>
   <div class='ocr_carea' id='block_1_9' title="bbox 374 3121 1524 3218">
    <p class='ocr_par' dir='ltr' id='par_1_10' title="bbox 374 3121 1524 3218">
     <span class='ocr_line' id='line_1_23' title="bbox 374 3121 1524 3218; baseline -0.003 -28"><span class='ocrx_word' id='word_1_160' title='bbox 374 3199 379 3206; x_wconf 29' lang='lat'><strong><em>¹</em></strong></span> <span class='ocrx_word' id='word_1_161' title='bbox 430 3122 528 3190; x_wconf 88' lang='lat' dir='ltr'>etiam</span> <span class='ocrx_word' id='word_1_162' title='bbox 545 3135 621 3216; x_wconf 89' lang='lat' dir='ltr'>post</span> <span class='ocrx_word' id='word_1_163' title='bbox 638 3144 715 3189; x_wconf 88' lang='lat' dir='ltr'>enm</span> <span class='ocrx_word' id='word_1_164' title='bbox 737 3123 921 3216; x_wconf 88' lang='lat' dir='ltr'>principes,</span> <span class='ocrx_word' id='word_1_165' title='bbox 949 3137 986 3190; x_wconf 92' lang='lat' dir='ltr'>ut</span> <span class='ocrx_word' id='word_1_166' title='bbox 1009 3137 1042 3191; x_wconf 90' lang='lat' dir='ltr'>et</span> <span class='ocrx_word' id='word_1_167' title='bbox 1066 3123 1127 3191; x_wconf 91' lang='lat' dir='ltr'>sibi</span> <span class='ocrx_word' id='word_1_168' title='bbox 1150 3137 1184 3191; x_wconf 91' lang='lat' dir='ltr'>et</span> <span class='ocrx_word' id='word_1_169' title='bbox 1205 3121 1396 3218; x_wconf 76' lang='lat' dir='ltr'>reipublice</span> <span class='ocrx_word' id='word_1_170' title='bbox 1412 3143 1465 3188; x_wconf 92' lang='lat' dir='ltr'>ne·</span> <span class='ocrx_word' id='word_1_171' title='bbox 1523 3147 1524 3158; x_wconf 53' lang='lat'>¹</span> 
     </span>
    </p>
   </div>
   <div class='ocr_carea' id='block_1_10' title="bbox 357 3240 1471 4182">
    <p class='ocr_par' dir='ltr' id='par_1_11' title="bbox 357 3240 1471 4182">
     <span class='ocr_line' id='line_1_24' title="bbox 357 3240 1467 3338; baseline -0.005 -28"><span class='ocrx_word' id='word_1_172' title='bbox 357 3257 361 3264; x_wconf 90' lang='grc'><em>“</em></span> <span class='ocrx_word' id='word_1_173' title='bbox 431 3242 599 3328; x_wconf 86' lang='lat' dir='ltr'>cessariis,</span> <span class='ocrx_word' id='word_1_174' title='bbox 622 3243 878 3335; x_wconf 85' lang='lat' dir='ltr'>acquieverunt,</span> <span class='ocrx_word' id='word_1_175' title='bbox 906 3245 1138 3338; x_wconf 73' lang='lat' dir='ltr'>precipueque</span> <span class='ocrx_word' id='word_1_176' title='bbox 1157 3257 1236 3314; x_wconf 90' lang='lat' dir='ltr'>sunt</span> <span class='ocrx_word' id='word_1_177' title='bbox 1255 3244 1316 3311; x_wconf 87' lang='lat' dir='ltr'>usi.</span> <span class='ocrx_word' id='word_1_178' title='bbox 1342 3240 1467 3311; x_wconf 89' lang='lat' dir='ltr'>Bereni-</span> 
     </span>
     <span class='ocr_line' id='line_1_25' title="bbox 433 3349 1465 3452; baseline -0.007 -20"><span class='ocrx_word' id='word_1_179' title='bbox 433 3387 495 3432; x_wconf 90' lang='lat' dir='ltr'>cen</span> <span class='ocrx_word' id='word_1_180' title='bbox 512 3362 625 3430; x_wconf 87' lang='lat' dir='ltr'>statim</span> <span class='ocrx_word' id='word_1_181' title='bbox 645 3362 687 3430; x_wconf 89' lang='lat' dir='ltr'>ah</span> <span class='ocrx_word' id='word_1_182' title='bbox 706 3362 798 3432; x_wconf 93' lang='lat' dir='ltr'>Urbe</span> <span class='ocrx_word' id='word_1_183' title='bbox 818 3363 957 3451; x_wconf 89' lang='lat' dir='ltr'>dimisit,</span> <span class='ocrx_word' id='word_1_184' title='bbox 977 3364 1100 3433; x_wconf 87' lang='lat' dir='ltr'>invitus</span> <span class='ocrx_word' id='word_1_185' title='bbox 1127 3349 1275 3432; x_wconf 85' lang='lat' dir='ltr'>invitam.</span> <span class='ocrx_word' id='word_1_186' title='bbox 1300 3359 1465 3452; x_wconf 89' lang='lat' dir='ltr'>Quosdam</span> 
     </span>
     <span class='ocr_line' id='line_1_26' title="bbox 430 3477 1466 3586; baseline -0.003 -34"><span class='ocrx_word' id='word_1_187' title='bbox 430 3508 449 3552; x_wconf 88' lang='lat' dir='ltr'>e</span> <span class='ocrx_word' id='word_1_188' title='bbox 473 3483 668 3576; x_wconf 85' lang='lat' dir='ltr'>gratissimis</span> <span class='ocrx_word' id='word_1_189' title='bbox 686 3481 919 3586; x_wconf 81' lang='lat' dir='ltr'>delicatorum,</span> <span class='ocrx_word' id='word_1_190' title='bbox 939 3508 1140 3579; x_wconf 82' lang='lat' dir='ltr'>quamquain</span> <span class='ocrx_word' id='word_1_191' title='bbox 1161 3499 1228 3553; x_wconf 70' lang='lat' dir='ltr'>um</span> <span class='ocrx_word' id='word_1_192' title='bbox 1249 3483 1392 3553; x_wconf 85' lang='lat' dir='ltr'>artifices</span> <span class='ocrx_word' id='word_1_193' title='bbox 1409 3477 1466 3548; x_wconf 83' lang='lat' dir='ltr'>sal·</span> 
     </span>
     <span class='ocr_line' id='line_1_27' title="bbox 431 3589 1467 3690; baseline -0.007 -18"><span class='ocrx_word' id='word_1_194' title='bbox 431 3604 584 3685; x_wconf 88' lang='lat' dir='ltr'>tationis,</span> <span class='ocrx_word' id='word_1_195' title='bbox 610 3617 648 3670; x_wconf 90' lang='lat' dir='ltr'>ut</span> <span class='ocrx_word' id='word_1_196' title='bbox 670 3627 747 3672; x_wconf 81' lang='lat' dir='ltr'>mox</span> <span class='ocrx_word' id='word_1_197' title='bbox 771 3629 904 3673; x_wconf 86' lang='lat' dir='ltr'>scenam</span> <span class='ocrx_word' id='word_1_198' title='bbox 935 3605 1118 3690; x_wconf 87' lang='lat' dir='ltr'>tenuerint,</span> <span class='ocrx_word' id='word_1_199' title='bbox 1144 3589 1212 3674; x_wconf 87' lang='lat' dir='ltr'>non</span> <span class='ocrx_word' id='word_1_200' title='bbox 1235 3603 1337 3672; x_wconf 93' lang='lat' dir='ltr'>modo</span> <span class='ocrx_word' id='word_1_201' title='bbox 1362 3602 1467 3672; x_wconf 80' lang='lat' dir='ltr'>fovere</span> 
     </span>
     <span class='ocr_line' id='line_1_28' title="bbox 431 3709 1466 3822; baseline -0.006 -30"><span class='ocrx_word' id='word_1_202' title='bbox 431 3721 614 3817; x_wconf 86' lang='lat' dir='ltr'>prolixius,</span> <span class='ocrx_word' id='word_1_203' title='bbox 633 3709 691 3791; x_wconf 89' lang='lat' dir='ltr'>sed</span> <span class='ocrx_word' id='word_1_204' title='bbox 709 3738 857 3818; x_wconf 86' lang='lat' dir='ltr'>spectare</span> <span class='ocrx_word' id='word_1_205' title='bbox 878 3725 1017 3794; x_wconf 89' lang='lat' dir='ltr'>omnino</span> <span class='ocrx_word' id='word_1_206' title='bbox 1039 3726 1073 3794; x_wconf 91' lang='lat' dir='ltr'>in</span> <span class='ocrx_word' id='word_1_207' title='bbox 1096 3722 1231 3822; x_wconf 91' lang='lat' dir='ltr'>publico</span> <span class='ocrx_word' id='word_1_208' title='bbox 1252 3739 1340 3794; x_wconf 89' lang='lat' dir='ltr'>coetu</span> <span class='ocrx_word' id='word_1_209' title='bbox 1358 3745 1466 3817; x_wconf 90' lang='lat' dir='ltr'>super·</span> 
     </span>
     <span class='ocr_line' id='line_1_29' title="bbox 435 3841 1467 3940; baseline -0.005 -28"><span class='ocrx_word' id='word_1_210' title='bbox 435 3842 530 3913; x_wconf 89' lang='lat' dir='ltr'>sedit.</span> <span class='ocrx_word' id='word_1_211' title='bbox 549 3841 643 3912; x_wconf 88' lang='lat' dir='ltr'>Nulli</span> <span class='ocrx_word' id='word_1_212' title='bbox 664 3845 787 3914; x_wconf 87' lang='lat' dir='ltr'>civium</span> <span class='ocrx_word' id='word_1_213' title='bbox 804 3845 987 3940; x_wconf 88' lang='lat' dir='ltr'>quidquam</span> <span class='ocrx_word' id='word_1_214' title='bbox 1003 3846 1128 3916; x_wconf 88' lang='lat' dir='ltr'>ademit</span> <span class='ocrx_word' id='word_1_215' title='bbox 1145 3872 1153 3915; x_wconf 75' lang='grc' dir='ltr'><strong>ε</strong></span> <span class='ocrx_word' id='word_1_216' title='bbox 1171 3846 1333 3916; x_wconf 84' lang='lat' dir='ltr'>abstinuit</span> <span class='ocrx_word' id='word_1_217' title='bbox 1349 3841 1467 3920; x_wconf 90' lang='lat' dir='ltr'>alieno,</span> 
     </span>
     <span class='ocr_line' id='line_1_30' title="bbox 432 3961 1467 4061; baseline -0.006 -29"><span class='ocrx_word' id='word_1_218' title='bbox 432 3979 469 4032; x_wconf 91' lang='lat' dir='ltr'>nt</span> <span class='ocrx_word' id='word_1_219' title='bbox 487 3966 515 4033; x_wconf 91' lang='lat' dir='ltr'>si</span> <span class='ocrx_word' id='word_1_220' title='bbox 533 3967 607 4058; x_wconf 90' lang='lat' dir='ltr'>quis</span> <span class='ocrx_word' id='word_1_221' title='bbox 629 3991 776 4060; x_wconf 90' lang='lat' dir='ltr'>unquam</span> <span class='ocrx_word' id='word_1_222' title='bbox 797 3993 805 4036; x_wconf 92' lang='lat'><strong>:</strong></span> <span class='ocrx_word' id='word_1_223' title='bbox 829 3993 867 4037; x_wconf 91' lang='lat' dir='ltr'>ac</span> <span class='ocrx_word' id='word_1_224' title='bbox 887 3993 926 4036; x_wconf 90' lang='lat' dir='ltr'>ne</span> <span class='ocrx_word' id='word_1_225' title='bbox 948 3993 1118 4038; x_wconf 90' lang='lat' dir='ltr'>concessas</span> <span class='ocrx_word' id='word_1_226' title='bbox 1137 3967 1272 4061; x_wconf 87' lang='lat' dir='ltr'>quidem</span> <span class='ocrx_word' id='word_1_227' title='bbox 1300 3991 1337 4034; x_wconf 89' lang='lat' dir='ltr'>ac</span> <span class='ocrx_word' id='word_1_228' title='bbox 1356 3961 1467 4033; x_wconf 87' lang='lat' dir='ltr'>solitas</span> 
     </span>
     <span class='ocr_line' id='line_1_31' title="bbox 435 4082 1471 4182; baseline -0.005 -31"><span class='ocrx_word' id='word_1_229' title='bbox 435 4083 627 4154; x_wconf 82' lang='lat' dir='ltr'>collationes</span> <span class='ocrx_word' id='word_1_230' title='bbox 650 4089 784 4182; x_wconf 82' lang='lat' dir='ltr'>recepit.</span> <span class='ocrx_word' id='word_1_231' title='bbox 799 4091 842 4156; x_wconf 88' lang='lat' dir='ltr'>Et</span> <span class='ocrx_word' id='word_1_232' title='bbox 858 4103 966 4157; x_wconf 89' lang='lat' dir='ltr'>tamen</span> <span class='ocrx_word' id='word_1_233' title='bbox 985 4089 1118 4156; x_wconf 89' lang='lat' dir='ltr'>nemine</span> <span class='ocrx_word' id='word_1_234' title='bbox 1133 4103 1210 4156; x_wconf 89' lang='lat' dir='ltr'>aute</span> <span class='ocrx_word' id='word_1_235' title='bbox 1227 4111 1262 4155; x_wconf 87' lang='lat' dir='ltr'>se</span> <span class='ocrx_word' id='word_1_236' title='bbox 1279 4082 1471 4154; x_wconf 84' lang='lat' dir='ltr'>munificen-</span> 
     </span>
    </p>
   </div>
   <div class='ocr_carea' id='block_1_11' title="bbox 0 0 1556 5446">
    <p class='ocr_par' dir='ltr' id='par_1_12' title="bbox 0 0 1556 5446">
     <span class='ocr_line' id='line_1_32' title="bbox 0 0 1556 5446; baseline 0 0"><span class='ocrx_word' id='word_1_237' title='bbox 0 0 1556 5446; x_wconf 95' lang='lat' dir='ltr'> </span> 
     </span>
    </p>
   </div>
  </div>
 </body>
</html>
