3168 5440
364 601 368 612 ,
415 554 452 615 9,
821 541 851 596 c.
873 539 1050 598 suurouu

415 680 513 761 putat
530 666 573 753 is,
590 684 665 734 cunt
682 664 870 734 adversatio
888 665 1017 760 dejure
1031 665 1111 752 sibi,
1126 663 1182 733 sed
1199 663 1241 732 de
1254 661 1451 749 soloecisrno,

415 787 674 856 controversiam
698 787 885 856 futuram.»
908 787 968 856 llic
996 785 1103 872 idem,
1123 811 1226 880 quum
1245 811 1286 854 ex
1305 786 1453 854 oratione
1539 827 1541 830 -

416 910 586 979 Tiberium
619 909 902 1003 reprehendisset,
928 908 1115 978 affirmante
1132 909 1244 978 Atteio
1270 907 1452 1002 Capitone,

415 1045 480 1098 uet
497 1051 567 1099 esse
584 1028 666 1099 illud
687 1027 848 1118 latinum,
873 1043 927 1118 et,
945 1030 972 1098 si
991 1053 1059 1098 non
1077 1043 1182 1118 esset,
1197 1029 1348 1098 futurum
1365 1043 1452 1097 certe

411 1151 480 1244 jam
500 1149 598 1218 inde:
619 1179 634 1216 a
649 1189 698 1205 --
711 1151 916 1236 «Mentitur,
930 1179 946 1215 a
960 1151 1089 1245 inquit,
1105 1179 1122 1214 u
1135 1151 1265 1244 Cupito.
1283 1151 1336 1218 Tu
1354 1150 1452 1234 euim,

323 1301 325 1307 ’
415 1273 535 1356 Caesar,
560 1272 726 1341 civitatem
746 1271 826 1342 dare
846 1287 938 1368 potes
957 1272 1167 1360 bominibus,
1188 1269 1291 1340 verbo
1307 1294 1378 1338 noo
1396 1294 1453 1364 po·

417 1406 474 1460 tes.
490 1422 507 1457 s
534 1391 682 1488 Pugilem
704 1391 784 1462 olim
803 1393 922 1481 fuisse,
943 1394 1078 1464 Asinius
1096 1389 1213 1464 Gallus
1237 1391 1301 1460 boc
1321 1391 1357 1459 in
1378 1414 1451 1460 eum

414 1515 655 1609 epigrammate
673 1513 818 1583 ostendit
837 1541 845 1582 ε

509 1708 566 1778 Qui
582 1720 667 1784 ceput
680 1709 718 1765 ad
731 1711 829 1766 laevam
843 1709 951 1783 rejicit,
964 1710 1134 1784 glossemata
1146 1709 1231 1766 nobis

551 1801 682 1880 Pracipit
697 1821 704 1857 :
720 1821 752 1858 os
773 1803 899 1872 nullum,
913 1804 957 1858 vel
972 1803 1068 1878 potius
1086 1800 1205 1878 pugilis!

461 1989 586 2058 Xlllll.
598 1988 953 2076 RemmiusPalaemon,
964 1991 1172 2074 vicentinus,
1181 1986 1329 2057 mulieris
1339 2011 1454 2074 verna,

413 2114 543 2204 primo,
559 2127 596 2180 ut
610 2112 736 2200 lerunt,
754 2114 951 2197 textrinum,
966 2111 1085 2182 deinde
1100 2111 1235 2183 herilem
1250 2109 1361 2180 lilium
1376 2111 1454 2180 dum

414 2234 594 2301 comitatur
615 2235 649 2301 in
670 2233 815 2322 scholas,
837 2233 961 2304 litteras
977 2233 1096 2304 didicit
1115 2257 1123 2302 ε
1143 2248 1255 2328 postea
1271 2235 1455 2302 manumis-

412 2377 487 2436 sus,
505 2352 620 2421 docuit
638 2357 753 2423 Romoe
768 2379 776 2422 t
794 2379 833 2424 ac
850 2355 1035 2450 principem
1055 2354 1166 2424 locum
1183 2355 1270 2424 inter
1288 2375 1454 2448 gramma·

413 2472 494 2540 ticos
511 2475 633 2560 tenuit,
651 2495 854 2568 quamquam
876 2473 1007 2544 infamis
1027 2476 1190 2544 omnibus
1203 2474 1308 2563 vitiis,
1328 2470 1455 2568 palam·

411 2615 478 2684 que
493 2607 527 2660 et
543 2593 696 2681 Tiberin,
716 2608 748 2664 et
768 2619 844 2663 mox
858 2591 1019 2682 Claudio,
1039 2593 1309 2688 predicantibus,
1327 2595 1456 2664 nemini

413 2713 521 2780 miuus
542 2713 785 2783 institutionem
799 2739 980 2808 puerorum
997 2713 1046 2783 vel
1062 2716 1223 2809 juvenum
1242 2717 1456 2784 committeu-

411 2831 487 2902 dam
503 2858 510 2900 ε
527 2833 584 2902 sed
604 2835 756 2930 capiebat
772 2836 922 2904 homines
936 2859 1039 2930 quum
1054 2838 1213 2905 memoria
1233 2860 1365 2924 rerum,
1380 2851 1455 2905 tum

409 2951 569 3042 facilitate
595 2957 757 3023 sermonis
781 2981 789 3024 ε
810 2981 959 3025 necnon
978 2971 1129 3050 poemata
1149 2955 1289 3026 faciebat
1308 2981 1351 3026 ex
1368 2971 1455 3026 tem-

410 3095 503 3166 pore.
523 3074 660 3167 Scripsit
677 3089 708 3142 et
724 3075 842 3164 variis,
858 3101 919 3144 nec
934 3075 1125 3171 vulgaribus
1142 3079 1266 3146 metris.
1283 3081 1458 3172 Arrogan-

409 3191 456 3258 tia
470 3189 532 3259 luit
550 3205 657 3281 tanta,
676 3209 713 3262 ut
725 3197 880 3264 Marcum
900 3187 1082 3265 Varronem
1092 3221 1236 3294 porcum
1253 3197 1461 3292 appellaret;

409 3333 519 3378 seeum
546 3325 577 3379 et
599 3326 711 3400 natas,
731 3329 764 3383 et
784 3315 962 3384 morituras
982 3315 1127 3401 litteras,
1146 3318 1301 3411 jactaret;
1323 3343 1459 3386 'nomen

309 3513 312 3518 Ι
409 3454 504 3498 suum
525 3432 557 3498 in
578 3433 744 3503 Bucolicis
758 3461 825 3503 uon
846 3451 966 3504 temere
978 3439 1144 3530 positum,
1161 3437 1218 3506 sed
1236 3439 1463 3533 praesagiente

408 3549 571 3645 Virgilio,
593 3551 662 3621 fore
679 3555 878 3648 quandoque
895 3557 1045 3625 omniurn
1069 3571 1241 3652 poetarum
1259 3581 1298 3627 ac
1317 3581 1465 3652 poema-

411 3687 483 3740 tum
513 3672 734 3744 Palaemonem
753 3676 911 3771 judicem.
933 3677 1151 3748 Gloriabatur
1170 3681 1288 3768 etiarn,
1306 3677 1466 3750 luti-onos

407 3795 578 3887 quondam
607 3799 670 3866 sibi
700 3813 839 3893 propter
868 3801 1012 3870 nominis
1045 3800 1269 3872 celebritatem
1298 3805 1467 3898 pat-sisse.

408 3917 563 3984 Luxuriae
583 3919 629 3986 ita
647 3917 807 4005 indulsit,
825 3933 862 3988 ut
880 3921 998 4016 saepius
1018 3922 1052 3990 iu
1071 3921 1127 3992 die
1145 3921 1288 4011 laveret3
1307 3931 1374 3992 neo
1392 3923 1470 3994 sul·

407 4033 521 4103 ficeret
548 4039 733 4128 sumtibus,
749 4063 952 4134 quamquam
969 4065 1009 4110 ex
1030 4041 1142 4112 schola
1159 4043 1379 4138 quadragena
1403 4069 1474 4114 an·

329 4179 330 4182 ¹
408 4175 475 4222 nua
494 4173 641 4250 caperet,
659 4183 781 4228 acuon
798 4158 907 4230 multo
926 4162 1035 4231 minus
1054 4187 1093 4232 ex
1114 4188 1149 4232 re
1166 4163 1340 4250 familiari,
1359 4167 1477 4260 cujus
