3208 5430
429 478 486 532 ato
891 479 1004 534 NOTAE

472 589 622 668 apiariis.
640 589 698 661 Qui
717 579 813 664 pueris
836 590 865 646 in
884 593 1007 648 scholam
1031 593 1163 650 euntibus
1182 596 1324 669 capsulam
1346 617 1409 656 eum
1425 598 1459 655 li-

428 681 512 738 hellia.
519 685 682 756 portabant.

466 777 533 832 Car.
547 777 698 832 XXXVII.
724 776 890 832 Civitatibus.
905 778 941 832 Η.
965 795 988 831 e.
1009 775 1153 832 civitatum
1171 779 1270 855 legatis
1288 779 1341 854 qui
1365 779 1459 836 aon»

427 879 614 924 morarentur.

468 961 630 1016 Stationem.
645 992 685 1002 —
701 961 838 1016 Staabnes
857 971 937 1018 eram
952 963 1014 1016 loca
1031 961 1146 1034 publica
1164 963 1215 1018 ubi
1233 974 1308 1018 stare
1324 975 1351 1019 et
1365 964 1461 1018 conla-

427 1051 521 1108 hulari
535 1053 658 1108 solitum.
673 1052 759 1121 Ptin,
773 1053 867 1125 Epist.
883 1072 909 1121 r,
934 1054 967 1108 13
984 1073 990 1108 :
1007 1053 1167 1126 «Plerique
1184 1054 1214 1108 in
1234 1055 1404 1110 stationibus
1416 1074 1459 1110 se·

427 1145 511 1212 deut,
534 1155 702 1218 tempusque
717 1143 851 1198 audiendi
867 1144 970 1199 iahulis
984 1155 1143 1198 conterunt.
1160 1167 1173 1194 ι
1194 1145 1335 1200 Stationes
1349 1147 1460 1201 sumunt

427 1254 544 1310 quoque
569 1236 805 1311 municipiorum,
827 1237 928 1302 deicae,
951 1235 1033 1310 quod
1055 1235 1140 1310 legati
1168 1237 1389 1310 municipiorum
1407 1237 1460 1292 illic

427 1339 614 1384 venarentur.

466 1431 677 1486 lanienasulto.
688 1433 730 1486 De
744 1431 799 1486 hoc
813 1431 918 1500 Tacit„
932 1432 1036 1484 Aneiai.
1044 1470 1052 1496 ,
1068 1449 1129 1500 xrr,
1147 1450 1181 1486 ra
1197 1451 1204 1485 :
1219 1455 1230 1480 ι
1243 1433 1282 1486 Ea
1300 1440 1459 1504 tempestate

428 1522 540 1578 Cassius
554 1533 664 1578 ceteros
678 1523 863 1596 praeminebat
877 1522 980 1594 peritia
995 1523 1098 1596 legum.
1114 1545 1129 1572 ι

466 1615 547 1670 Paeto
563 1614 703 1668 Thraseae.
722 1615 828 1683 'l'acit.‚
844 1617 965 1680 Attiroi,
981 1633 1045 1684 xva,
1061 1633 1094 1669 ar
1113 1614 1316 1669 :a'l'rncidatis
1335 1623 1380 1668 tot
1396 1613 1458 1669 insi-

426 1705 531 1780 gnibus
544 1705 625 1776 viris,
640 1706 675 1760 ad
690 1716 863 1778 postremum
879 1707 957 1760 Nero
974 1705 1106 1760 virtutem
1122 1707 1209 1778 ipsam
1220 1705 1384 1760 exscindere
1393 1723 1458 1760 con-

426 1797 535 1871 cupivit
551 1797 699 1874 interiecto
713 1798 835 1854 Thrasea
854 1800 929 1852 Paeto
948 1809 976 1851 et
991 1799 1078 1852 Barea
1092 1800 1211 1853 Sorano.
1223 1820 1238 1847 n

466 1901 547 1956 lecit.
566 1902 602 1956 ll.
622 1921 645 1956 e.
665 1901 795 1956 excidere
818 1899 872 1955 sibi
891 1919 988 1973 passus
1002 1911 1044 1956 est
1066 1901 1183 1974 :jacere
1206 1903 1286 1958 cunis
1309 1903 1365 1958 hoc
1381 1921 1459 1958 sensu

425 1992 492 2049 vide
506 1993 585 2066 apud
600 1994 658 2048 Cic.
674 1995 717 2047 nd
731 2000 787 2047 Αιι.
797 2033 806 2060 ,
826 2011 864 2059 ιι,
883 2011 910 2062 7,
927 2003 955 2048 et
970 1994 1079 2062 ‘facit.,
1093 1997 1214 2060 Annei,
1236 2013 1282 2064 xv,
1299 1993 1346 2049 50.

467 2087 534 2142 co.
551 2086 801 2160 XXXVlll.11upl.
817 2085 900 2138 Hune
917 2103 1029 2140 versum
1050 2084 1214 2158 frequenter
1230 2085 1347 2141 Tiberio
1365 2083 1394 2139 in
1413 2102 1460 2138 orc

426 2175 513 2233 inisse
543 2186 640 2230 narrat
668 2174 742 2242 Dio,
761 2193 851 2242 arur,
866 2193 895 2248 p.
910 2177 977 2231 636.
993 2177 1139 2233 Fabricius
1155 2178 1190 2232 ad
1204 2177 1231 2232 h.
1251 2178 1270 2232 l.
1289 2174 1403 2251 Sisyphi
1420 2175 1460 2231 vd

424 2267 639 2340 Bellerophonti
654 2265 802 2340 Euripidei
816 2285 875 2322 esse
892 2270 1060 2342 suspicatur.

470 2375 598 2429 Incendit
612 2373 721 2428 Urbem.
736 2371 779 2428 Cf.
793 2374 894 2428 Taorr.
902 2415 911 2442 ,
929 2377 1031 2431 Annal.
1044 2414 1053 2442 ‚
1070 2394 1117 2444 xv,
1129 2373 1181 2444 38,
1196 2386 1224 2431 et
1233 2377 1372 2447 erm,
1385 2394 1460 2444 ura,

426 2483 457 2539 p.
477 2464 542 2534 708.

471 2558 514 2612 Ut.
530 2556 662 2630 Plerique
676 2557 911 2629 proscribendum
930 2557 1038 2612 duxere
1058 2557 1225 2630 particulam
1237 2570 1275 2611 ur.

469 2662 629 2736 Compulsa.
645 2661 687 2717 Cf.
702 2665 821 2734 Tam-r„
843 2665 947 2718 Annei.
956 2703 965 2730 ,
979 2681 1027 2730 xv,
1043 2661 1088 2735 39.

465 2755 626 2808 Numerum.
644 2755 750 2822 Tucia,
766 2756 783 2808 l.
799 2773 838 2822 c.,
855 2762 888 2820 [ιι
907 2775 914 2808 :
932 2757 1101 2809 «Domuum
1118 2764 1146 2808 et
1165 2754 1322 2808 insularum
1342 2765 1372 2810 et
1392 2765 1462 2810 tem-

425 2845 555 2918 plorum,
571 2863 634 2919 quae
654 2846 755 2901 amissa
773 2857 855 2918 sunt,
872 2863 1024 2901 numerum
1040 2844 1114 2900 inire
1132 2845 1210 2901 haud
1233 2857 1380 2918 promtum
1398 2846 1460 2902 iue-

424 2936 476 3008 l'll,
495 2948 574 2992 ele.»
1162 3012 1167 3024 Ι

466 3043 494 3099 B
511 3053 584 3096 turm
598 3044 820 3098 Mmceaatiana.
835 3043 926 3099 Aliter
941 3043 1046 3111 Tacit„
1067 3043 1149 3111 ibid„
1172 3041 1208 3114 39
1227 3061 1234 3095 ι
1250 3065 1262 3090 ιι
1278 3043 1322 3096 Εο
1341 3041 1373 3095 in
1389 3051 1463 3096 tem-

424 3152 497 3208 pore
512 3135 691 3203 Nero,hutii
706 3153 804 3207 agens,
817 3153 876 3189 non
891 3145 955 3188 ante
971 3134 1001 3188 in
1018 3134 1127 3189 Urbem
1143 3151 1285 3207 regressus
1308 3141 1366 3200 est,
1381 3150 1463 3204 quam

426 3225 535 3297 domui,
551 3227 612 3297 ejus
626 3245 683 3299 qua
692 3227 826 3299 palatium
837 3237 865 3281 et
879 3225 1039 3281 Maecenatis
1052 3225 1152 3280 hortos
1161 3223 1465 3298 continuaverat,iguia

423 3317 641 3391 propinquaret.
663 3342 675 3366 ν
691 3321 785 3374 Nostr.
802 3319 932 3391 sequitur
949 3317 1073 3390 Xiphil.,
1094 3317 1142 3372 uh.
1157 3335 1233 3389 sup,
1252 3334 1279 3388 p.
1301 3333 1369 3387 709:

466 3409 568 3472 Ᾰλωσιν.
583 3411 711 3483 ΧίρῙιίΙ.,
726 3411 794 3466 ibid.
811 3431 817 3464 τ
835 3419 885 3470 Kal
901 3421 944 3475 τὴν
965 3420 1050 3474 aarum
1065 3419 1109 3474 τὴν
1125 3412 1288 3487 κιθαρῳδικὴν
1306 3411 1464 3478 &bibesiam

427 3511 527 3570 ilerum
545 3506 574 3570 b<
588 3511 631 3580 μὶν
652 3513 723 3571 αὐτὸς
737 3513 826 3581 ἷλιγιν,
837 3500 906 3562 Ῑλίιυ“
920 3511 950 3569 ὣς
963 3505 993 3561 δὲ
1012 3513 1110 3580 lupiaco,
1124 3499 1216 3578 ῥώμης.

465 3607 657 3680 Egestionem.
672 3607 714 3662 Cf.
732 3609 850 3676 Tucim,
864 3606 914 3661 uh.
929 3623 992 3678 sup.
1001 3647 1010 3677 ,
1030 3605 1076 3671 43.

468 3698 621 3753 Exhausit.
646 3697 776 3770 Xiphil.,
794 3697 843 3752 ub.
864 3715 944 3771 sup,
969 3715 998 3768 p.
1026 3713 1083 3770 7⁰9
1112 3717 1120 3750 ι
1145 3703 1272 3772 Χρήματα
1297 3696 1328 3754 tt
1348 3703 1361 3754 i
1384 3700 1462 3768 aaut

426 3803 564 3867 παμπληθῆ
578 3799 620 3850 ani
637 3798 706 3868 παρὰ
722 3803 769 3849 τῶν
785 3793 899 3858 ἰδιωτῶν,
912 3794 954 3848 καὶ
965 3795 1034 3865 παρὰ
1047 3802 1095 3847 τῶν
1110 3791 1205 3865 δέμων,
1215 3794 1248 3846 rie
1263 3795 1306 3862 pis
1323 3789 1367 3863 etp
1383 3791 1462 3854 laici

423 3889 544 3960 mpspe'oea
559 3895 601 3940 τοῦ
612 3890 770 3958 ι’μπρησμιῡ,
782 3888 814 3939 τὰ
827 3883 857 3938 δὲ
869 3892 928 3954 παρ’
944 3889 1044 3939 ἑκόντων
1058 3881 1130 3944 δῆθεν
1144 3887 1327 3956 appamiae.

469 3984 535 4038 Car.
550 3985 693 4040 XXXIX.
709 3986 744 4040 A.
765 3986 800 4040 U.
820 3984 888 4058 819.
902 3983 1010 4052 Tacit„
1030 3985 1154 4050 Annei,
1169 3999 1237 4050 xvi,
1259 3981 1305 4036 13.

466 4075 500 4126 ln
525 4075 659 4130 tutionem
677 4075 806 4129 Libitinoe
829 4085 975 4130 uenerant.
990 4073 1132 4147 Proprie:
1151 4075 1185 4128 ln
1209 4079 1389 4145 acceptarum
1411 4085 1457 4140 pe·
