3108 5434
513 453 693 512 TIBERIUS.
1070 457 1124 514 135

94 573 182 640 tinne
204 574 355 642 oratione
380 571 532 644 blandius
557 575 599 644 de
617 601 652 646 se
671 577 849 668 diceretur,
868 605 935 649 non
957 581 1126 650 dubitaret

94 691 320 786 interpellare,
343 719 383 762 ne
409 695 665 788 reprehendere,
681 711 715 764 et
734 712 939 769 commutare
954 701 1125 770 continuo.

94 813 258 880 Dominus
275 811 460 906 appellatus
480 838 500 882 e
517 814 682 906 quodam,
698 815 928 904 denunciavit,
947 843 989 908 ne
1006 841 1042 887 se
1056 843 1127 888 em·

95 928 176 1022 pIIus
188 930 400 1000 contumeliae
415 955 513 1002 causa
529 935 725 1002 nominaret.
738 934 849 1006 Alium
863 934 1043 1022 dicentem,
1057 961 1131 1006 ese·

96 1073 161 1117 cras
183 1051 256 1144 ejus
278 1052 556 1146 occupationes,»
580 1067 615 1122 et
637 1077 752 1122 rursus
774 1053 892 1143 elium,
910 1069 1075 1124 «auctore
1090 1079 1130 1124 eo

96 1183 243 1238 senatum
273 1195 310 1238 se
337 1170 498 1260 adisse,e
525 1173 627 1242 verbe
655 1189 804 1258 mutare,
832 1187 865 1244 et
887 1199 949 1268 pro
973 1189 1129 1260 emtum,

95 1313 289 1376 suasorem
305 1315 368 1384 pro
382 1291 509 1379 sacris,
527 1289 710 1362 laboriosas
725 1292 834 1362 dicere
849 1295 966 1387 coegit

136 1411 295 1478 XXVIII.
313 1410 378 1480 Sed
392 1425 426 1480 et
438 1410 594 1482 adversus
611 1414 760 1482 convicia
776 1411 947 1506 malosque
961 1437 1129 1502 rumores,

96 1543 124 1596 et
137 1529 265 1597 famosa
282 1527 324 1598 de
337 1555 371 1598 se
384 1555 424 1599 ec
437 1532 504 1600 suis
521 1533 688 1620 carmina,
706 1533 821 1602 firmus
832 1539 879 1601 'ac
896 1533 1040 1626 petiens,
1052 1532 1132 1608 sub·

96 1646 168 1716 inde
189 1649 360 1742 jactabat,
387 1679 404 1714 a
422 1652 456 1720 in
479 1651 613 1721 civitate
631 1650 734 1720 libera
754 1649 902 1745 linguam
921 1667 1132 1744 mentemque

98 1766 209 1838 liberas
229 1793 303 1838 esse
322 1768 450 1842 debere.
465 1799 483 1836 s
501 1774 544 1840 Et
560 1769 748 1864 quondam,
769 1785 886 1840 senatu
907 1770 1133 1864 cognitionem

98 1887 133 1956 de
142 1889 311 1982 ejusmodi
322 1889 516 1960 criminibus
529 1914 567 1959 nc
581 1891 644 1960 reis
661 1889 850 1983 flagitante,
868 1919 885 1954 α
894 1893 973 1960 Non
986 1903 1133 1976 tanturn,

97 2009 219 2101 inquit,
240 2010 302 2078 otii
320 2010 495 2097 habemus,
509 2025 547 2078 ut
560 2009 729 2104 implicare
745 2035 807 2078 nos
824 2007 978 2104 pluribus
993 2009 1134 2104 negotiu

97 2127 282 2196 debeamus.
300 2128 335 2195 Si
351 2128 436 2196 hanc
447 2127 625 2198 fenestram
640 2131 856 2222 aperueritis,
874 2127 957 2198 nihil
974 2127 1064 2198 eliud
1080 2131 1134 2222 agi

97 2249 204 2316 sinetis
229 2274 238 2316 :
265 2249 417 2318 omnium
438 2249 617 2318 inimicitie
637 2249 703 2318 hoe
722 2263 883 2343 praetextu
903 2249 946 2318 ad
965 2274 1025 2318 nos
1045 2248 1136 2318 defe-

96 2383 216 2436 rentur.
232 2397 250 2433 s
269 2371 387 2438 Exstat
405 2383 438 2436 et
454 2392 563 2438 sermo
583 2370 654 2462 ejus
673 2369 707 2438 in
727 2385 845 2439 senatu
864 2369 1052 2464 percivilis:
1071 2370 1136 2438 «Si

97 2489 226 2580 quidem
245 2487 376 2556 locutus
394 2487 490 2556 aliter
505 2488 624 2576 fuerit,
640 2488 727 2557 dabo
745 2513 901 2582 operam,
919 2503 956 2558 ut
971 2490 1134 2558 rationem

96 2607 256 2678 lectorum
277 2631 431 2679 meorum
452 2608 684 2701 dictorumque
707 2605 845 2676 reddam
871 2634 879 2676 a
900 2609 928 2676 si
949 2631 1138 2701 persevera·

95 2732 195 2818 verit,
209 2731 359 2800 invicem
376 2753 451 2798 eum
470 2728 584 2796 odero.
599 2756 616 2791 s

141 2853 266 2922 XXIX.
290 2855 399 2941 Atque
418 2848 489 2916 haec
513 2870 553 2914 eo
574 2844 738 2914 nobiliora
759 2858 876 2933 erent,
901 2843 991 2938 quod
1015 2836 1082 2938 ip'se
1102 2846 1137 2913 in

96 2968 304 3064 appellandis
314 2965 577 3058 venerandisque
590 2979 623 3032 et
635 2961 789 3059 singulis,
799 2978 834 3032 et
842 2965 1020 3054 universis,
1033 2987 1139 3058 prope

96 3103 282 3158 excesserat
307 3085 523 3156 humanitatis
545 3082 693 3152 modum.
715 3083 922 3152 Dissentiens
945 3085 980 3152 in
1002 3083 1096 3152 curie
1117 3108 1139 3152 a

95 3209 139 3295 Q.
155 3207 317 3294 Haterio,
333 3209 535 3301 «Ignoscas,
554 3203 681 3297 inquit,
703 3227 806 3296 rogo,
827 3204 854 3270 si
878 3200 959 3295 quid
979 3201 1139 3272 adversus

93 3345 126 3397 te
148 3329 308 3414 liberius,
325 3328 411 3401 sicut
424 3342 575 3414 senator,
594 3324 719 3394 dixero.
734 3349 751 3388 s
767 3327 812 3394 Et
829 3323 906 3392 inde
922 3347 1037 3392 omnes
1059 3321 1140 3392 ello·

93 3473 227 3542 quens:
248 3477 265 3511 «
277 3447 358 3518 Dixi
377 3462 410 3516 et
431 3464 539 3534 nnnc,
557 3459 590 3514 et
606 3467 690 3537 saepe
707 3442 807 3530 alias,
827 3446 863 3512 Ρ.
882 3445 940 3532 C.,
959 3443 1084 3512 bonum
1105 3455 1139 3510 et

92 3567 276 3637 salutarem
295 3567 501 3661 principem,
524 3587 624 3658 quem
642 3587 701 3632 vos
718 3577 810 3632 tauta
825 3577 858 3630 et
875 3577 942 3632 tam
958 3559 1062 3630 libera
1081 3547 1143 3654 po·¹

91 3702 213 3756 testate
233 3686 454 3773 instruxistis,
472 3684 600 3754 senatui
621 3683 745 3752 servire
765 3681 907 3770 debere,
926 3694 960 3749 et
975 3680 1137 3758 universis

89 3809 223 3876 civibus
244 3830 350 3900 saepe,
377 3819 411 3874 et
434 3804 631 3898 plerumque
654 3803 753 3870 etiam
775 3801 912 3898 singulis
936 3828 944 3870 :
970 3823 1079 3892 neque
1102 3799 1137 3868 id

86 3928 219 3998 dixisse
242 3950 295 3994 me
318 3927 474 4018 poenitet,
499 3941 532 3994 et
555 3926 660 3994 honos
683 3937 716 3992 et
737 3947 847 4016 aequos
865 3937 898 3990 et
916 3919 1062 3989 faventes
1078 3943 1137 3987 vos

88 4046 201 4116 habui
220 4043 388 4132 dominos,
408 4057 441 4112 et
457 4042 564 4113 adhuc
582 4043 700 4113 habeo.
716 4073 732 4106 »
