3114 5446
437 543 440 549 ¹
515 553 710 612 caucum.
1079 575 1133 635 ¹99

100 680 176 750 dum
199 693 295 767 erat,
316 677 411 772 pueri
436 676 562 748 nobiles
584 703 626 746 ex
652 677 726 749 Asia
749 673 791 747 ad
814 677 958 748 edendas
979 678 1014 748 in
1034 703 1132 750 scena

102 827 213 896 operas
232 800 363 870 evocati
380 813 666 894 praepararentur;
685 812 723 866 ut
745 823 802 868 eos
822 800 1000 892 inspiceret
1016 779 1152 870 horta·¹

102 937 279 1014 returque,
304 920 447 1002 restitit.¹
467 923 537 1004 Ac,
557 919 623 988 'nisi
647 920 802 1014 princeps
829 920 937 1013 gregis
963 916 1075 1013 algere
1099 943 1135 988 se

103 1041 249 1126 diceret,
279 1037 388 1108 redire
419 1063 459 1108 ac
488 1051 724 1132 repraesentare
758 1036 983 1131 spectaculum
1017 1036 1132 1108 voluit.

104 1157 231 1253 Duplex
250 1157 372 1228 dehinc
389 1156 476 1228 sama
491 1171 551 1228 est.
566 1155 633 1228 Alii
646 1155 800 1240 tradunt,
814 1154 996 1250 alloquenti
1012 1181 1133 1252 pueros

103 1303 120 1345 a
138 1293 234 1372 tergo
255 1277 427 1348 Chaeream
452 1276 611 1348 cervicem
633 1275 744 1370 gladio
767 1277 875 1346 caesim
894 1278 1039 1372 graviter
1060 1301 1135 1371 per·

105 1399 257 1478 euasisse,
272 1398 439 1490 premissa
452 1420 547 1484 voce,
562 1399 662 1465 «Hoc
679 1392 786 1490 agel»
804 1395 923 1464 dehinc
939 1395 1134 1465 Cornelium

105 1517 285 1604 Sabinum,
308 1513 449 1586 alterum
473 1540 491 1584 e
514 1515 696 1608 conjuratis
720 1515 914 1600 tribunum,
939 1539 979 1584 ex
997 1515 1135 1586 adverso

106 1637 269 1728 trajecisse
286 1649 411 1730 pectus.
430 1633 513 1722 Alii,
532 1633 712 1723 Sabinum,
729 1648 894 1704 summota
910 1657 968 1728 per
984 1636 1134 1704 conscios

106 1757 311 1826 centuriones
339 1755 456 1840 turba,
481 1755 613 1848 siguum
642 1779 735 1822 more
765 1750 889 1824 militie
916 1754 1057 1848 petisse,
1081 1768 1135 1844 et,

106 1877 181 1945 Caio
194 1879 311 1946 Iovem
331 1873 449 1962 dante,
465 1874 637 1944 Chaeream
655 1872 870 1959 exclamasse,
889 1874 1048 1968 «Accipe
1067 1874 1134 1944 ira·

107 1991 224 2064 tuml»
249 1995 503 2089 respicientique
528 1991 697 2062 maxillam
722 1993 790 2062 ictu
817 1991 997 2062 discidisse.
1019 1997 1136 2063 lacen-

105 2127 191 2200 tem,
221 2113 468 2206 contractisque
495 2112 654 2182 membris
681 2109 906 2182 clamitantem
936 2137 970 2182 se
1002 2114 1135 2198 vivere,

106 2235 202 2301 ceteri
216 2231 412 2301 vulneribus
426 2233 561 2327 triginta
576 2231 800 2302 confecerunt.
813 2234 901 2302 Nam
917 2232 1049 2326 signum
1066 2247 1138 2301 erat

106 2353 266 2437 omnium,
281 2349 446 2448 «Repetel
455 2380 473 2416 n
489 2351 635 2441 Quidam
649 2352 748 2419 etiam
764 2373 824 2443 per
839 2350 992 2420 obscoene
1010 2349 1135 2420 ferrum

107 2469 299 2566 adegerunt.
316 2469 369 2540 Ad
385 2473 530 2564 primum
547 2465 728 2540 tumultum
745 2467 904 2538 lecticarii
921 2453 1000 2538 'cum
1017 2472 1133 2540 asseri·

107 2588 164 2658 bus
181 2591 218 2658 in
235 2587 397 2658 auxilium
414 2603 693 2658 accucurrerunt:
713 2613 791 2656 mox
809 2590 970 2657 Germani
987 2589 1136 2682 corporis

106 2709 254 2776 custodes
267 2734 275 2776 :
288 2732 327 2776 ac
342 2706 521 2776 nonnullos
534 2731 575 2776 ex
588 2706 850 2801 percussoribus,
859 2705 1021 2798 quosdam
1036 2707 1136 2775 etiam
1193 2799 1196 2802 Ι

105 2843 271 2896 senatores
291 2828 459 2916 innoxios,
478 2827 726 2896 interemerunt.

151 2950 240 3016 LIX.
257 2947 352 3015 Vixit
369 2947 465 3015 annis
485 2945 732 3040 undetriginta:
749 2944 923 3038 imperavit
940 2943 1085 3013 triennio
1102 2957 1136 3012 et

105 3065 218 3136 decern
235 3066 422 3154 mensibus,
441 3064 623 3158 diebusque
642 3079 728 3134 octo.
745 3063 896 3133 Cadaver
911 3063 981 3158 ejus
1001 3061 1086 3134 clam
1104 3065 1139 3132 in

105 3185 220 3256 hortos
239 3185 419 3254 Lamianos
441 3198 669 3280 asportatum,
689 3199 724 3252 et
746 3181 963 3252 tumultuario
984 3207 1066 3278 rogo
1090 3207 1141 3252 se·

105 3307 363 3393 miambustum‚
393 3302 457 3372 levi
485 3305 607 3398 cespite
634 3304 793 3372 obrutum
823 3317 873 3371 est
900 3327 908 3370 :
937 3317 1053 3398 postea
1080 3327 1141 3397 per

105 3449 236 3494 sorores
263 3423 306 3492 ab
326 3421 442 3492 exsilio
466 3445 615 3491 reversas
635 3435 786 3510 erutum,
806 3435 841 3490 et
863 3435 1068 3508 crematum,
1088 3446 1140 3490 se-

105 3543 315 3637 pultumque.
341 3543 428 3612 Satis
448 3556 595 3628 constat,
620 3542 813 3636 priusquam
836 3540 871 3608 id
893 3540 1004 3627 fieret,
1028 3539 1142 3607 horto·

104 3687 181 3731 rum
199 3663 353 3733 custodes
371 3659 499 3731 umbris
517 3661 739 3754 inquietatos:
759 3661 793 3728 in
812 3683 850 3727 ea
867 3683 1000 3752 quoque
1021 3657 1141 3745 domo,

103 3782 226 3876 inqua
249 3781 467 3868 occubuerit,
486 3779 612 3849 nullam
635 3793 767 3848 noctem
790 3778 861 3847 sine
880 3777 991 3870 aliquo
1017 3791 1142 3844 terrore

103 3915 330 3990 transactam,
351 3900 457 3970 donec
482 3900 555 3994 ipsa
577 3897 696 3968 domus
717 3896 871 3966 incendio
891 3898 1065 3964 consumta
1086 3895 1138 3962 sit.

100 4021 211 4088 Periit
230 4045 299 4090 una
320 4035 355 4089 et
376 4043 460 4088 uxor
477 4019 646 4105 Caesonia,
669 4015 778 4112 gladio
800 4042 820 4086 a
839 4015 1034 4084 centurione
1060 4037 1141 4082 con·

104 4139 215 4228 fossa,
233 4156 266 4209 et
286 4138 352 4208 filia
372 4139 488 4235 parieti
509 4137 602 4209 illisa.
