<?xml version="1.0" encoding="UTF-8"?>
<!DOCTYPE html PUBLIC "-//W3C//DTD XHTML 1.0 Transitional//EN"
    "http://www.w3.org/TR/xhtml1/DTD/xhtml1-transitional.dtd">
<html xmlns="http://www.w3.org/1999/xhtml" xml:lang="en" lang="en">
 <head>
  <title>
</title>
<meta http-equiv="Content-Type" content="text/html;charset=utf-8" />
  <meta name='ocr-system' content='tesseract 3.04.00' />
  <meta name='ocr-capabilities' content='ocr_page ocr_carea ocr_par ocr_line ocrx_word'/>
</head>
<body>
  <div class='ocr_page' id='page_1' title='image "./caiisuetonitran00grosgoog_0288.png"; bbox 0 0 3098 5446; ppageno 0'>
   <div class='ocr_carea' id='block_1_1' title="bbox 460 470 1151 564">
    <p class='ocr_par' dir='ltr' id='par_1_1' title="bbox 460 470 1151 564">
     <span class='ocr_line' id='line_1_1' title="bbox 460 470 1151 564; baseline 0.003 -2"><span class='ocrx_word' id='word_1_1' title='bbox 460 470 463 480; x_wconf 79' lang='grc'><strong>’</strong></span> <span class='ocrx_word' id='word_1_2' title='bbox 589 505 699 564; x_wconf 72' lang='lat' dir='ltr'><strong>anuo.</strong></span> <span class='ocrx_word' id='word_1_3' title='bbox 1098 507 1151 564; x_wconf 64' lang='grc' dir='ltr'><strong>ιε,</strong></span> 
     </span>
    </p>
   </div>
   <div class='ocr_carea' id='block_1_2' title="bbox 205 627 1019 794">
    <p class='ocr_par' dir='ltr' id='par_1_2' title="bbox 205 627 1019 794">
     <span class='ocr_line' id='line_1_2' title="bbox 205 627 1019 704; baseline 0.002 -18"><span class='ocrx_word' id='word_1_4' title='bbox 205 631 279 686; x_wconf 87' lang='lat' dir='ltr'><strong>Dum</strong></span> <span class='ocrx_word' id='word_1_5' title='bbox 295 629 387 686; x_wconf 86' lang='lat' dir='ltr'><strong>tendit</strong></span> <span class='ocrx_word' id='word_1_6' title='bbox 406 629 542 686; x_wconf 82' lang='lat' dir='ltr'><strong>citirurnrn</strong></span> <span class='ocrx_word' id='word_1_7' title='bbox 556 639 667 698; x_wconf 86' lang='lat' dir='ltr'><strong>noster,</strong></span> <span class='ocrx_word' id='word_1_8' title='bbox 684 627 751 686; x_wconf 87' lang='lat' dir='ltr'><strong>dum</strong></span> <span class='ocrx_word' id='word_1_9' title='bbox 766 647 873 686; x_wconf 80' lang='lat' dir='ltr'><strong>cornus</strong></span> <span class='ocrx_word' id='word_1_10' title='bbox 888 631 1019 704; x_wconf 87' lang='lat' dir='ltr'><strong>Parthus,</strong></span> 
     </span>
     <span class='ocr_line' id='line_1_3' title="bbox 242 719 799 794; baseline -0.005 -17"><span class='ocrx_word' id='word_1_11' title='bbox 242 722 347 778; x_wconf 78' lang='lat' dir='ltr'><strong>Noster</strong></span> <span class='ocrx_word' id='word_1_12' title='bbox 362 721 415 777; x_wconf 90' lang='lat' dir='ltr'><strong>erit</strong></span> <span class='ocrx_word' id='word_1_13' title='bbox 432 723 529 792; x_wconf 77' lang='lat' dir='ltr'><strong>Paean,</strong></span> <span class='ocrx_word' id='word_1_14' title='bbox 543 719 799 794; x_wconf 56' lang='lat' dir='ltr'><strong>ille-dammim.</strong></span> 
     </span>
    </p>
   </div>
   <div class='ocr_carea' id='block_1_3' title="bbox 202 880 909 1048">
    <p class='ocr_par' dir='ltr' id='par_1_3' title="bbox 202 880 909 1048">
     <span class='ocr_line' id='line_1_4' title="bbox 202 880 909 956; baseline 0 -18"><span class='ocrx_word' id='word_1_15' title='bbox 202 882 296 938; x_wconf 80' lang='lat' dir='ltr'><strong>Rome</strong></span> <span class='ocrx_word' id='word_1_16' title='bbox 309 880 411 938; x_wconf 80' lang='lat' dir='ltr'><strong>domus</strong></span> <span class='ocrx_word' id='word_1_17' title='bbox 428 880 499 940; x_wconf 84' lang='lat' dir='ltr'><strong>fiet:</strong></span> <span class='ocrx_word' id='word_1_18' title='bbox 519 882 608 940; x_wconf 79' lang='lat' dir='ltr'><strong>Veios</strong></span> <span class='ocrx_word' id='word_1_19' title='bbox 619 881 754 956; x_wconf 73' lang='lat' dir='ltr'><strong>migrate,</strong></span> <span class='ocrx_word' id='word_1_20' title='bbox 772 881 909 952; x_wconf 76' lang='lat' dir='ltr'><strong>Quirites,</strong></span> 
     </span>
     <span class='ocr_line' id='line_1_5' title="bbox 242 973 821 1048; baseline -0.002 -18"><span class='ocrx_word' id='word_1_21' title='bbox 242 974 273 1030; x_wconf 90' lang='lat' dir='ltr'><strong>Si</strong></span> <span class='ocrx_word' id='word_1_22' title='bbox 285 991 345 1030; x_wconf 88' lang='lat' dir='ltr'><strong>non</strong></span> <span class='ocrx_word' id='word_1_23' title='bbox 361 983 390 1031; x_wconf 93' lang='lat' dir='ltr'><strong>et</strong></span> <span class='ocrx_word' id='word_1_24' title='bbox 401 974 489 1032; x_wconf 81' lang='lat' dir='ltr'><strong>Veios</strong></span> <span class='ocrx_word' id='word_1_25' title='bbox 506 984 625 1048; x_wconf 85' lang='lat' dir='ltr'><strong>occupat</strong></span> <span class='ocrx_word' id='word_1_26' title='bbox 641 973 694 1032; x_wconf 85' lang='lat' dir='ltr'><strong>istu</strong></span> <span class='ocrx_word' id='word_1_27' title='bbox 712 973 821 1032; x_wconf 87' lang='lat' dir='ltr'><strong>domus.</strong></span> 
     </span>
    </p>
   </div>
   <div class='ocr_carea' id='block_1_4' title="bbox 125 1123 1265 2174">
    <p class='ocr_par' dir='ltr' id='par_1_4' title="bbox 125 1123 1265 1705">
     <span class='ocr_line' id='line_1_6' title="bbox 126 1123 1156 1229; baseline 0.006 -27"><span class='ocrx_word' id='word_1_28' title='bbox 126 1132 191 1202; x_wconf 86' lang='lat' dir='ltr'><strong>Sed</strong></span> <span class='ocrx_word' id='word_1_29' title='bbox 207 1126 316 1227; x_wconf 83' lang='lat' dir='ltr'><strong>neque</strong></span> <span class='ocrx_word' id='word_1_30' title='bbox 341 1123 493 1204; x_wconf 79' lang='lat' dir='ltr'><strong>auctores</strong></span> <span class='ocrx_word' id='word_1_31' title='bbox 508 1136 660 1228; x_wconf 83' lang='lat' dir='ltr'><strong>requisiit</strong></span> <span class='ocrx_word' id='word_1_32' title='bbox 678 1161 687 1205; x_wconf 75' lang='grc' dir='ltr'><strong><em>ε</em></strong></span> <span class='ocrx_word' id='word_1_33' title='bbox 702 1149 737 1204; x_wconf 92' lang='lat' dir='ltr'><strong>et</strong></span> <span class='ocrx_word' id='word_1_34' title='bbox 750 1134 910 1228; x_wconf 85' lang='lat' dir='ltr'><strong>quosdam</strong></span> <span class='ocrx_word' id='word_1_35' title='bbox 937 1159 996 1229; x_wconf 93' lang='lat' dir='ltr'><strong>per</strong></span> <span class='ocrx_word' id='word_1_36' title='bbox 1014 1123 1156 1208; x_wconf 90' lang='lat' dir='ltr'><strong>indicem</strong></span> 
     </span>
     <span class='ocr_line' id='line_1_7' title="bbox 125 1249 1152 1349; baseline 0.007 -29"><span class='ocrx_word' id='word_1_37' title='bbox 125 1249 252 1322; x_wconf 82' lang='lat' dir='ltr'><strong>delatos</strong></span> <span class='ocrx_word' id='word_1_38' title='bbox 278 1252 513 1342; x_wconf 75' lang='lat' dir='ltr'><strong>adsecutum,</strong></span> <span class='ocrx_word' id='word_1_39' title='bbox 541 1254 630 1324; x_wconf 85' lang='lat' dir='ltr'><strong>affici</strong></span> <span class='ocrx_word' id='word_1_40' title='bbox 659 1255 811 1349; x_wconf 76' lang='lat' dir='ltr'><strong>graviore</strong></span> <span class='ocrx_word' id='word_1_41' title='bbox 840 1277 937 1348; x_wconf 88' lang='lat' dir='ltr'><strong>poena</strong></span> <span class='ocrx_word' id='word_1_42' title='bbox 969 1256 1152 1348; x_wconf 81' lang='lat' dir='ltr'><strong>prohibuit.</strong></span> 
     </span>
     <span class='ocr_line' id='line_1_8' title="bbox 125 1351 1157 1467; baseline 0.008 -29"><span class='ocrx_word' id='word_1_43' title='bbox 125 1373 378 1441; x_wconf 80' lang='lat' dir='ltr'><strong>Transeuntem-</strong></span> <span class='ocrx_word' id='word_1_44' title='bbox 392 1351 540 1442; x_wconf 82' lang='lat' dir='ltr'><strong>Isidorus</strong></span> <span class='ocrx_word' id='word_1_45' title='bbox 565 1373 709 1467; x_wconf 85' lang='lat' dir='ltr'><strong>Cynicus</strong></span> <span class='ocrx_word' id='word_1_46' title='bbox 737 1373 772 1442; x_wconf 91' lang='lat' dir='ltr'><strong>in</strong></span> <span class='ocrx_word' id='word_1_47' title='bbox 797 1371 933 1466; x_wconf 91' lang='lat' dir='ltr'><strong>publico</strong></span> <span class='ocrx_word' id='word_1_48' title='bbox 957 1371 1048 1444; x_wconf 89' lang='lat' dir='ltr'><strong>clara</strong></span> <span class='ocrx_word' id='word_1_49' title='bbox 1077 1399 1157 1446; x_wconf 85' lang='lat' dir='ltr'><strong>voce</strong></span> 
     </span>
     <span class='ocr_line' id='line_1_9' title="bbox 125 1471 1265 1586; baseline 0.004 -28"><span class='ocrx_word' id='word_1_50' title='bbox 125 1479 352 1584; x_wconf 81' lang='lat' dir='ltr'><strong>corripuerat,</strong></span> <span class='ocrx_word' id='word_1_51' title='bbox 378 1489 494 1584; x_wconf 77' lang='lat' dir='ltr'><strong>equod</strong></span> <span class='ocrx_word' id='word_1_52' title='bbox 518 1490 656 1586; x_wconf 82' lang='lat' dir='ltr'><strong>Nauplii</strong></span> <span class='ocrx_word' id='word_1_53' title='bbox 676 1489 763 1560; x_wconf 86' lang='lat' dir='ltr'><strong>mala</strong></span> <span class='ocrx_word' id='word_1_54' title='bbox 787 1491 872 1561; x_wconf 90' lang='lat' dir='ltr'><strong>bene</strong></span> <span class='ocrx_word' id='word_1_55' title='bbox 888 1491 1079 1578; x_wconf 82' lang='lat' dir='ltr'><strong>cantitaret,</strong></span> <span class='ocrx_word' id='word_1_56' title='bbox 1097 1517 1157 1563; x_wconf 86' lang='lat' dir='ltr'><strong>sua</strong></span> <span class='ocrx_word' id='word_1_57' title='bbox 1261 1471 1265 1478; x_wconf 34' lang='lat'><strong>¹</strong></span> 
     </span>
     <span class='ocr_line' id='line_1_10' title="bbox 127 1596 1158 1705; baseline 0.004 -27"><span class='ocrx_word' id='word_1_58' title='bbox 127 1609 214 1678; x_wconf 90' lang='lat' dir='ltr'><strong>buna</strong></span> <span class='ocrx_word' id='word_1_59' title='bbox 231 1607 319 1679; x_wconf 86' lang='lat' dir='ltr'><strong>male</strong></span> <span class='ocrx_word' id='word_1_60' title='bbox 339 1609 565 1705; x_wconf 72' lang='lat' dir='ltr'><strong>disponeret.»</strong></span> <span class='ocrx_word' id='word_1_61' title='bbox 586 1613 629 1680; x_wconf 87' lang='lat' dir='ltr'><strong>Et</strong></span> <span class='ocrx_word' id='word_1_62' title='bbox 648 1613 770 1698; x_wconf 83' lang='lat' dir='ltr'><strong>Datus,</strong></span> <span class='ocrx_word' id='word_1_63' title='bbox 787 1596 1158 1702; x_wconf 75' lang='lat' dir='ltr'><strong>autnnamm&#39;histrio,</strong></span> 
     </span>
    </p>

    <p class='ocr_par' dir='ltr' id='par_1_5' title="bbox 126 1727 1159 2072">
     <span class='ocr_line' id='line_1_11' title="bbox 126 1727 1159 1828; baseline 0.006 -33"><span class='ocrx_word' id='word_1_64' title='bbox 126 1731 159 1796; x_wconf 91' lang='lat' dir='ltr'><strong>in</strong></span> <span class='ocrx_word' id='word_1_65' title='bbox 177 1731 312 1800; x_wconf 83' lang='lat' dir='ltr'><strong>cantico</strong></span> <span class='ocrx_word' id='word_1_66' title='bbox 326 1731 489 1823; x_wconf 85' lang='lat' dir='ltr'><strong>quodam,</strong></span> <span class='ocrx_word' id='word_1_67' title='bbox 507 1731 630 1814; x_wconf 70' lang='grc' dir='ltr'><strong>ὑγίαινε</strong></span> <span class='ocrx_word' id='word_1_68' title='bbox 647 1727 758 1820; x_wconf 73' lang='grc' dir='ltr'>πάτερ,</span> <span class='ocrx_word' id='word_1_69' title='bbox 772 1730 892 1813; x_wconf 70' lang='grc' dir='ltr'><strong>ὑγίαινε</strong></span> <span class='ocrx_word' id='word_1_70' title='bbox 905 1729 1024 1820; x_wconf 62' lang='grc' dir='ltr'><em>μῆτερ,</em></span> <span class='ocrx_word' id='word_1_71' title='bbox 1044 1733 1090 1801; x_wconf 85' lang='lat' dir='ltr'><strong>ita</strong></span> <span class='ocrx_word' id='word_1_72' title='bbox 1104 1731 1159 1828; x_wconf 88' lang='lat' dir='ltr'><strong>de·</strong></span> 
     </span>
     <span class='ocr_line' id='line_1_12' title="bbox 127 1849 1156 1942; baseline 0.001 -25"><span class='ocrx_word' id='word_1_73' title='bbox 127 1863 386 1938; x_wconf 76' lang='lat' dir='ltr'><strong>monstraverat,</strong></span> <span class='ocrx_word' id='word_1_74' title='bbox 398 1865 438 1920; x_wconf 92' lang='lat' dir='ltr'><strong>ut</strong></span> <span class='ocrx_word' id='word_1_75' title='bbox 449 1850 618 1920; x_wconf 84' lang='lat' dir='ltr'><strong>bibentem</strong></span> <span class='ocrx_word' id='word_1_76' title='bbox 634 1861 870 1942; x_wconf 87' lang='lat' dir='ltr'><strong>natantemque</strong></span> <span class='ocrx_word' id='word_1_77' title='bbox 882 1849 1020 1935; x_wconf 83' lang='lat' dir='ltr'><strong>faceret,</strong></span> <span class='ocrx_word' id='word_1_78' title='bbox 1033 1851 1156 1920; x_wconf 85' lang='lat' dir='ltr'><strong>exitum</strong></span> 
     </span>
     <span class='ocr_line' id='line_1_13' title="bbox 127 1966 1157 2072; baseline 0 -34"><span class='ocrx_word' id='word_1_79' title='bbox 127 1966 255 2038; x_wconf 81' lang='lat' dir='ltr'><strong>scilicet</strong></span> <span class='ocrx_word' id='word_1_80' title='bbox 266 1967 398 2038; x_wconf 90' lang='lat' dir='ltr'><strong>Claudii</strong></span> <span class='ocrx_word' id='word_1_81' title='bbox 414 1971 669 2072; x_wconf 82' lang='lat' dir='ltr'><strong>Agrippinaeque</strong></span> <span class='ocrx_word' id='word_1_82' title='bbox 694 1970 880 2062; x_wconf 81' lang='lat' dir='ltr'><strong>significans</strong></span> <span class='ocrx_word' id='word_1_83' title='bbox 902 1994 910 2036; x_wconf 79' lang='grc' dir='ltr'><strong><em>ε</em></strong></span> <span class='ocrx_word' id='word_1_84' title='bbox 933 1983 965 2036; x_wconf 88' lang='lat' dir='ltr'><strong>et</strong></span> <span class='ocrx_word' id='word_1_85' title='bbox 988 1971 1023 2038; x_wconf 90' lang='lat' dir='ltr'><strong>in</strong></span> <span class='ocrx_word' id='word_1_86' title='bbox 1048 1971 1157 2038; x_wconf 87' lang='lat' dir='ltr'><strong>novis-</strong></span> 
     </span>
    </p>

    <p class='ocr_par' dir='ltr' id='par_1_6' title="bbox 128 2085 390 2174">
     <span class='ocr_line' id='line_1_14' title="bbox 128 2085 390 2174; baseline 0.019 -20"><span class='ocrx_word' id='word_1_87' title='bbox 128 2088 207 2157; x_wconf 85' lang='lat' dir='ltr'><strong>sima</strong></span> <span class='ocrx_word' id='word_1_88' title='bbox 225 2085 390 2174; x_wconf 81' lang='lat' dir='ltr'><strong>clausula,</strong></span> 
     </span>
    </p>
   </div>
   <div class='ocr_carea' id='block_1_5' title="bbox 320 2255 717 2329">
    <p class='ocr_par' dir='ltr' id='par_1_7' title="bbox 320 2255 717 2329">
     <span class='ocr_line' id='line_1_15' title="bbox 320 2255 717 2329; baseline 0 -17"><span class='ocrx_word' id='word_1_89' title='bbox 320 2256 409 2312; x_wconf 85' lang='lat' dir='ltr'><strong>Oreus</strong></span> <span class='ocrx_word' id='word_1_90' title='bbox 426 2255 510 2312; x_wconf 79' lang='lat' dir='ltr'><strong>vobis</strong></span> <span class='ocrx_word' id='word_1_91' title='bbox 524 2255 603 2312; x_wconf 88' lang='lat' dir='ltr'><strong>ducit</strong></span> <span class='ocrx_word' id='word_1_92' title='bbox 615 2255 717 2329; x_wconf 86' lang='lat' dir='ltr'><strong>pedes,</strong></span> 
     </span>
    </p>
   </div>
   <div class='ocr_carea' id='block_1_6' title="bbox 112 2399 1252 3926">
    <p class='ocr_par' dir='ltr' id='par_1_8' title="bbox 129 2399 1234 2856">
     <span class='ocr_line' id='line_1_16' title="bbox 129 2399 1158 2496; baseline -0.002 -24"><span class='ocrx_word' id='word_1_93' title='bbox 129 2416 280 2472; x_wconf 88' lang='lat' dir='ltr'><strong>senatum</strong></span> <span class='ocrx_word' id='word_1_94' title='bbox 296 2416 390 2496; x_wconf 82' lang='lat' dir='ltr'><strong>gestu</strong></span> <span class='ocrx_word' id='word_1_95' title='bbox 406 2415 547 2471; x_wconf 88' lang='lat' dir='ltr'><strong>notaret.</strong></span> <span class='ocrx_word' id='word_1_96' title='bbox 562 2403 763 2472; x_wconf 87' lang='lat' dir='ltr'><strong>Histrionem</strong></span> <span class='ocrx_word' id='word_1_97' title='bbox 778 2415 810 2470; x_wconf 92' lang='lat' dir='ltr'><strong>et</strong></span> <span class='ocrx_word' id='word_1_98' title='bbox 822 2399 1056 2495; x_wconf 86' lang='lat' dir='ltr'><strong>philosophum</strong></span> <span class='ocrx_word' id='word_1_99' title='bbox 1068 2403 1158 2472; x_wconf 88' lang='lat' dir='ltr'><strong>Nero</strong></span> 
     </span>
     <span class='ocr_line' id='line_1_17' title="bbox 129 2518 1234 2614; baseline 0.002 -26"><span class='ocrx_word' id='word_1_100' title='bbox 129 2519 211 2590; x_wconf 91' lang='lat' dir='ltr'><strong>nibil</strong></span> <span class='ocrx_word' id='word_1_101' title='bbox 225 2519 385 2614; x_wconf 87' lang='lat' dir='ltr'><strong>amplius,</strong></span> <span class='ocrx_word' id='word_1_102' title='bbox 398 2545 498 2613; x_wconf 87' lang='lat' dir='ltr'><strong>quarn</strong></span> <span class='ocrx_word' id='word_1_103' title='bbox 510 2520 601 2590; x_wconf 90' lang='lat' dir='ltr'><strong>Urbe</strong></span> <span class='ocrx_word' id='word_1_104' title='bbox 617 2518 780 2612; x_wconf 87' lang='lat' dir='ltr'><strong>Italiaque</strong></span> <span class='ocrx_word' id='word_1_105' title='bbox 798 2519 992 2604; x_wconf 90' lang='lat' dir='ltr'><strong>summovit,</strong></span> <span class='ocrx_word' id='word_1_106' title='bbox 1011 2519 1061 2588; x_wconf 89' lang='lat' dir='ltr'><strong>vel</strong></span> <span class='ocrx_word' id='word_1_107' title='bbox 1078 2545 1158 2590; x_wconf 91' lang='lat' dir='ltr'><strong>con·</strong></span> <span class='ocrx_word' id='word_1_108' title='bbox 1225 2589 1234 2614; x_wconf 56' lang='grc'><strong>,</strong></span> 
     </span>
     <span class='ocr_line' id='line_1_18' title="bbox 131 2637 1158 2726; baseline -0.001 -18"><span class='ocrx_word' id='word_1_109' title='bbox 131 2654 230 2710; x_wconf 88' lang='lat' dir='ltr'><strong>temtn</strong></span> <span class='ocrx_word' id='word_1_110' title='bbox 252 2641 361 2710; x_wconf 88' lang='lat' dir='ltr'><strong>omnis</strong></span> <span class='ocrx_word' id='word_1_111' title='bbox 384 2639 540 2726; x_wconf 68' lang='lat' dir='ltr'><strong>infamiae,</strong></span> <span class='ocrx_word' id='word_1_112' title='bbox 561 2637 613 2710; x_wconf 78' lang='lat' dir='ltr'><strong>vel</strong></span> <span class='ocrx_word' id='word_1_113' title='bbox 633 2664 674 2708; x_wconf 85' lang='lat' dir='ltr'><strong>ne</strong></span> <span class='ocrx_word' id='word_1_114' title='bbox 691 2638 824 2712; x_wconf 88' lang='lat' dir='ltr'><strong>fatendo</strong></span> <span class='ocrx_word' id='word_1_115' title='bbox 846 2637 994 2712; x_wconf 83' lang='lat' dir='ltr'><strong>dolorem</strong></span> <span class='ocrx_word' id='word_1_116' title='bbox 1014 2639 1158 2709; x_wconf 86' lang='lat' dir='ltr'><strong>irritaret</strong></span> 
     </span>
     <span class='ocr_line' id='line_1_19' title="bbox 132 2761 271 2856; baseline 0.014 -30"><span class='ocrx_word' id='word_1_117' title='bbox 132 2761 271 2856; x_wconf 81' lang='lat' dir='ltr'><strong>ingenia.</strong></span> 
     </span>
    </p>

    <p class='ocr_par' dir='ltr' id='par_1_9' title="bbox 131 2877 1252 3813">
     <span class='ocr_line' id='line_1_20' title="bbox 174 2877 1161 2976; baseline 0.002 -28"><span class='ocrx_word' id='word_1_118' title='bbox 174 2883 248 2949; x_wconf 81' lang='lat' dir='ltr'><strong>XL.</strong></span> <span class='ocrx_word' id='word_1_119' title='bbox 267 2878 380 2948; x_wconf 87' lang='lat' dir='ltr'><strong>Talem</strong></span> <span class='ocrx_word' id='word_1_120' title='bbox 398 2881 581 2975; x_wconf 87' lang='lat' dir='ltr'><strong>principem</strong></span> <span class='ocrx_word' id='word_1_121' title='bbox 599 2877 821 2976; x_wconf 84' lang='lat' dir='ltr'><strong>paulominus</strong></span> <span class='ocrx_word' id='word_1_122' title='bbox 839 2877 1088 2972; x_wconf 87' lang='lat' dir='ltr'><strong>quatuordecim</strong></span> <span class='ocrx_word' id='word_1_123' title='bbox 1104 2903 1161 2950; x_wconf 87' lang='lat' dir='ltr'><strong>an·</strong></span> 
     </span>
     <span class='ocr_line' id='line_1_21' title="bbox 131 2995 1159 3093; baseline -0.001 -26"><span class='ocrx_word' id='word_1_124' title='bbox 131 3023 189 3068; x_wconf 88' lang='lat' dir='ltr'><strong>nos</strong></span> <span class='ocrx_word' id='word_1_125' title='bbox 201 3023 377 3093; x_wconf 82' lang='lat' dir='ltr'><strong>perpessus</strong></span> <span class='ocrx_word' id='word_1_126' title='bbox 393 3014 556 3070; x_wconf 89' lang='lat' dir='ltr'><strong>terrarum</strong></span> <span class='ocrx_word' id='word_1_127' title='bbox 569 2999 675 3088; x_wconf 87' lang='lat' dir='ltr'><strong>orbis,</strong></span> <span class='ocrx_word' id='word_1_128' title='bbox 693 2996 826 3068; x_wconf 90' lang='lat' dir='ltr'><strong>tandem</strong></span> <span class='ocrx_word' id='word_1_129' title='bbox 842 2995 1008 3086; x_wconf 80' lang='lat' dir='ltr'><strong>destituit3</strong></span> <span class='ocrx_word' id='word_1_130' title='bbox 1026 2999 1159 3067; x_wconf 89' lang='lat' dir='ltr'><strong>initium</strong></span> 
     </span>
     <span class='ocr_line' id='line_1_22' title="bbox 132 3093 1159 3232; baseline 0.002 -48"><span class='ocrx_word' id='word_1_131' title='bbox 132 3116 328 3186; x_wconf 81' lang='lat' dir='ltr'><strong>facientibus</strong></span> <span class='ocrx_word' id='word_1_132' title='bbox 356 3115 476 3206; x_wconf 82' lang='lat' dir='ltr'><strong>Gallis,</strong></span> <span class='ocrx_word' id='word_1_133' title='bbox 503 3093 693 3232; x_wconf 56' lang='lat' dir='ltr'><strong>ducpinlio</strong></span> <span class='ocrx_word' id='word_1_134' title='bbox 715 3116 871 3202; x_wconf 86' lang='lat' dir='ltr'><strong>Vindice,</strong></span> <span class='ocrx_word' id='word_1_135' title='bbox 903 3117 1057 3210; x_wconf 89' lang='lat' dir='ltr'><strong>quitum</strong></span> <span class='ocrx_word' id='word_1_136' title='bbox 1086 3141 1159 3188; x_wconf 89' lang='lat' dir='ltr'><strong>eam</strong></span> 
     </span>
     <span class='ocr_line' id='line_1_23' title="bbox 132 3232 1160 3331; baseline 0 -25"><span class='ocrx_word' id='word_1_137' title='bbox 132 3237 336 3330; x_wconf 84' lang='lat' dir='ltr'><strong>provinciam</strong></span> <span class='ocrx_word' id='word_1_138' title='bbox 358 3251 559 3331; x_wconf 73' lang='lat' dir='ltr'><strong>propraetore</strong></span> <span class='ocrx_word' id='word_1_139' title='bbox 572 3232 757 3308; x_wconf 83' lang='lat' dir='ltr'><strong>obtinebat.</strong></span> <span class='ocrx_word' id='word_1_140' title='bbox 775 3235 974 3306; x_wconf 72' lang='lat' dir='ltr'><strong>Pimdictum</strong></span> <span class='ocrx_word' id='word_1_141' title='bbox 994 3261 1014 3306; x_wconf 88' lang='lat' dir='ltr'><strong>a</strong></span> <span class='ocrx_word' id='word_1_142' title='bbox 1034 3236 1160 3306; x_wconf 85' lang='lat' dir='ltr'><strong>matbe-</strong></span> 
     </span>
     <span class='ocr_line' id='line_1_24' title="bbox 133 3353 1162 3452; baseline -0.002 -28"><span class='ocrx_word' id='word_1_143' title='bbox 133 3357 258 3425; x_wconf 85' lang='lat' dir='ltr'><strong>maticis</strong></span> <span class='ocrx_word' id='word_1_144' title='bbox 279 3358 404 3426; x_wconf 85' lang='lat' dir='ltr'><strong>Neroni</strong></span> <span class='ocrx_word' id='word_1_145' title='bbox 421 3355 501 3426; x_wconf 85' lang='lat' dir='ltr'><strong>olim</strong></span> <span class='ocrx_word' id='word_1_146' title='bbox 516 3373 607 3445; x_wconf 88' lang='lat' dir='ltr'><strong>erat,</strong></span> <span class='ocrx_word' id='word_1_147' title='bbox 624 3357 716 3445; x_wconf 84' lang='lat' dir='ltr'><strong>fore,</strong></span> <span class='ocrx_word' id='word_1_148' title='bbox 735 3371 774 3426; x_wconf 89' lang='lat' dir='ltr'><strong>ut</strong></span> <span class='ocrx_word' id='word_1_149' title='bbox 791 3353 990 3452; x_wconf 86' lang='lat' dir='ltr'><strong>quandoque</strong></span> <span class='ocrx_word' id='word_1_150' title='bbox 1005 3353 1162 3424; x_wconf 90' lang='lat' dir='ltr'><strong>destitue-</strong></span> 
     </span>
     <span class='ocr_line' id='line_1_25' title="bbox 133 3469 1162 3569; baseline 0 -27"><span class='ocrx_word' id='word_1_151' title='bbox 133 3489 222 3542; x_wconf 88' lang='lat' dir='ltr'><strong>retur</strong></span> <span class='ocrx_word' id='word_1_152' title='bbox 241 3499 251 3540; x_wconf 94' lang='lat'><strong>:</strong></span> <span class='ocrx_word' id='word_1_153' title='bbox 272 3473 360 3542; x_wconf 90' lang='lat' dir='ltr'><strong>unde</strong></span> <span class='ocrx_word' id='word_1_154' title='bbox 379 3472 434 3544; x_wconf 85' lang='lat' dir='ltr'><strong>iila</strong></span> <span class='ocrx_word' id='word_1_155' title='bbox 454 3499 519 3544; x_wconf 81' lang='lat' dir='ltr'><strong>vox</strong></span> <span class='ocrx_word' id='word_1_156' title='bbox 537 3475 607 3569; x_wconf 85' lang='lat' dir='ltr'><strong>ejus</strong></span> <span class='ocrx_word' id='word_1_157' title='bbox 626 3473 854 3562; x_wconf 86' lang='lat' dir='ltr'><strong>celeberrima,</strong></span> <span class='ocrx_word' id='word_1_158' title='bbox 877 3469 910 3546; x_wconf 78' lang='lat' dir='ltr'><strong>ri</strong></span> <span class='ocrx_word' id='word_1_159' title='bbox 932 3481 1049 3560; x_wconf 75' lang='grc' dir='ltr'><em>τεχνίον</em></span> <span class='ocrx_word' id='word_1_160' title='bbox 1072 3471 1162 3543; x_wconf 71' lang='grc' dir='ltr'><strong>πᾶσα</strong></span> 
     </span>
     <span class='ocr_line' id='line_1_26' title="bbox 133 3584 1163 3687; baseline 0.001 -25"><span class='ocrx_word' id='word_1_161' title='bbox 133 3603 208 3672; x_wconf 72' lang='grc' dir='ltr'><strong>γαΐα</strong></span> <span class='ocrx_word' id='word_1_162' title='bbox 221 3584 335 3682; x_wconf 69' lang='grc' dir='ltr'><strong><em>τρέφει·</em></strong></span> <span class='ocrx_word' id='word_1_163' title='bbox 350 3618 417 3687; x_wconf 92' lang='lat' dir='ltr'><strong>quo</strong></span> <span class='ocrx_word' id='word_1_164' title='bbox 434 3595 559 3687; x_wconf 86' lang='lat' dir='ltr'><strong>majore</strong></span> <span class='ocrx_word' id='word_1_165' title='bbox 576 3593 698 3664; x_wconf 88' lang='lat' dir='ltr'><strong>scilicet</strong></span> <span class='ocrx_word' id='word_1_166' title='bbox 716 3593 812 3662; x_wconf 83' lang='lat' dir='ltr'><strong>venia</strong></span> <span class='ocrx_word' id='word_1_167' title='bbox 830 3591 1047 3662; x_wconf 89' lang='lat' dir='ltr'><strong>meditaretur</strong></span> <span class='ocrx_word' id='word_1_168' title='bbox 1060 3593 1163 3662; x_wconf 91' lang='lat' dir='ltr'><strong>eitha-</strong></span> 
     </span>
     <span class='ocr_line' id='line_1_27' title="bbox 136 3711 1252 3813; baseline 0 -33"><span class='ocrx_word' id='word_1_169' title='bbox 136 3711 288 3782; x_wconf 75' lang='lat' dir='ltr'><strong>redicam</strong></span> <span class='ocrx_word' id='word_1_170' title='bbox 307 3725 431 3798; x_wconf 89' lang='lat' dir='ltr'><strong>artem,</strong></span> <span class='ocrx_word' id='word_1_171' title='bbox 449 3713 592 3806; x_wconf 90' lang='lat' dir='ltr'><strong>principi</strong></span> <span class='ocrx_word' id='word_1_172' title='bbox 619 3714 681 3782; x_wconf 88' lang='lat' dir='ltr'><strong>sibi</strong></span> <span class='ocrx_word' id='word_1_173' title='bbox 699 3727 845 3808; x_wconf 83' lang='lat' dir='ltr'><strong>gratam,</strong></span> <span class='ocrx_word' id='word_1_174' title='bbox 867 3714 997 3806; x_wconf 90' lang='lat' dir='ltr'><strong>privato</strong></span> <span class='ocrx_word' id='word_1_175' title='bbox 1014 3735 1160 3780; x_wconf 86' lang='lat' dir='ltr'><strong>necessa-</strong></span> <span class='ocrx_word' id='word_1_176' title='bbox 1244 3799 1252 3813; x_wconf 85' lang='lat'><strong>.</strong></span> 
     </span>
    </p>

    <p class='ocr_par' dir='ltr' id='par_1_10' title="bbox 112 3829 1162 3926">
     <span class='ocr_line' id='line_1_28' title="bbox 112 3829 1162 3926; baseline 0.001 -29"><span class='ocrx_word' id='word_1_177' title='bbox 112 3831 224 3900; x_wconf 68' lang='lat' dir='ltr'><strong>riam.</strong></span> <span class='ocrx_word' id='word_1_178' title='bbox 255 3829 510 3926; x_wconf 79' lang='lat' dir='ltr'><strong>spoponderant</strong></span> <span class='ocrx_word' id='word_1_179' title='bbox 538 3847 647 3900; x_wconf 89' lang='lat' dir='ltr'><strong>tamen</strong></span> <span class='ocrx_word' id='word_1_180' title='bbox 672 3831 807 3925; x_wconf 87' lang='lat' dir='ltr'><strong>quidam</strong></span> <span class='ocrx_word' id='word_1_181' title='bbox 832 3830 989 3900; x_wconf 86' lang='lat' dir='ltr'><strong>destituto</strong></span> <span class='ocrx_word' id='word_1_182' title='bbox 1014 3830 1162 3898; x_wconf 87' lang='lat' dir='ltr'><strong>Orientis</strong></span> 
     </span>
    </p>
   </div>
   <div class='ocr_carea' id='block_1_7' title="bbox 137 3945 1207 4044">
    <p class='ocr_par' dir='ltr' id='par_1_11' title="bbox 137 3945 1207 4044">
     <span class='ocr_line' id='line_1_29' title="bbox 137 3945 1207 4044; baseline 0.002 -28"><span class='ocrx_word' id='word_1_183' title='bbox 137 3948 410 4040; x_wconf 87' lang='lat' dir='ltr'><strong>dominationem,</strong></span> <span class='ocrx_word' id='word_1_184' title='bbox 431 3950 583 4021; x_wconf 84' lang='lat' dir='ltr'><strong>nonnulli</strong></span> <span class='ocrx_word' id='word_1_185' title='bbox 605 3952 799 4020; x_wconf 86' lang='lat' dir='ltr'><strong>nominatim</strong></span> <span class='ocrx_word' id='word_1_186' title='bbox 816 3975 957 4044; x_wconf 83' lang='lat' dir='ltr'><strong>regnum</strong></span> <span class='ocrx_word' id='word_1_187' title='bbox 973 3947 1161 4042; x_wconf 83' lang='lat' dir='ltr'><strong>Hierosoly·</strong></span> <span class='ocrx_word' id='word_1_188' title='bbox 1200 3945 1207 3958; x_wconf 79' lang='lat'>&#39;</span> 
     </span>
    </p>
   </div>
   <div class='ocr_carea' id='block_1_8' title="bbox 139 4068 1161 4166">
    <p class='ocr_par' dir='ltr' id='par_1_12' title="bbox 139 4068 1161 4166">
     <span class='ocr_line' id='line_1_30' title="bbox 139 4068 1161 4166; baseline -0.001 -32"><span class='ocrx_word' id='word_1_189' title='bbox 139 4091 281 4158; x_wconf 88' lang='lat' dir='ltr'><strong>morum,</strong></span> <span class='ocrx_word' id='word_1_190' title='bbox 300 4069 412 4164; x_wconf 84' lang='lat' dir='ltr'><strong>plures</strong></span> <span class='ocrx_word' id='word_1_191' title='bbox 434 4072 540 4140; x_wconf 89' lang='lat' dir='ltr'><strong>omnis</strong></span> <span class='ocrx_word' id='word_1_192' title='bbox 566 4072 711 4166; x_wconf 77' lang='lat' dir='ltr'><strong>pristine</strong></span> <span class='ocrx_word' id='word_1_193' title='bbox 740 4070 881 4138; x_wconf 74' lang='lat' dir='ltr'><strong>fortunae</strong></span> <span class='ocrx_word' id='word_1_194' title='bbox 909 4068 1161 4138; x_wconf 87' lang='lat' dir='ltr'><strong>restitutionem.</strong></span> 
     </span>
    </p>
   </div>
   <div class='ocr_carea' id='block_1_9' title="bbox 0 0 1571 5446">
    <p class='ocr_par' dir='ltr' id='par_1_13' title="bbox 0 0 1571 5446">
     <span class='ocr_line' id='line_1_31' title="bbox 0 0 1571 5446; baseline 0 0"><span class='ocrx_word' id='word_1_195' title='bbox 0 0 1571 5446; x_wconf 95' lang='lat' dir='ltr'><strong> </strong></span> 
     </span>
    </p>
   </div>
  </div>
 </body>
</html>
