3138 5438
449 539 483 601 tt
629 541 630 544 Ν
840 534 869 588 c.
891 533 1064 590 suaronn

447 659 562 751 Capua
582 659 714 727 deducti
734 658 804 754 lege
820 657 906 726 Julia
924 657 1031 726 coloni
1046 657 1089 724 ad
1105 658 1317 726 exstruendas
1328 658 1470 728 villasse·

447 775 562 867 pulcra
581 779 799 846 vetustissima
822 777 1025 870 disjicerent,
1052 777 1150 870 idque
1168 801 1207 844 eo
1232 776 1409 846 studiosius
1427 779 1469 846 la·
1525 837 1529 842 .

447 909 575 983 cerent,
608 896 699 989 quod
732 895 937 989 aliquantum
968 893 1177 964 vasculorum
1210 897 1318 990 operis
1347 898 1470 988 antiqui

447 1028 628 1082 scrutantes
647 1015 873 1107 reperiebant3
893 1013 1005 1082 tabula
1022 1039 1112 1082 aenea
1135 1015 1169 1084 in
1189 1028 1420 1096 monumento,
1440 1015 1469 1080 in

446 1155 513 1224 quo
531 1131 700 1201 dicebatur
719 1137 844 1226 Capys,
856 1132 1008 1201 conditor
1017 1137 1154 1225 Capuae,
1166 1131 1330 1226 sepultus,
1342 1133 1471 1200 inventa

446 1263 509 1338 est,
528 1251 714 1344 conscripta
736 1251 852 1320 litteris
876 1251 1048 1343 verbisque
1066 1252 1195 1344 graecis,
1213 1251 1274 1319 bac
1294 1253 1469 1318 sententia:

447 1369 684 1462 «Quandoque
709 1395 783 1452 ossa
805 1372 925 1464 Capyis
945 1369 1071 1438 detecta
1097 1385 1223 1456 essent,
1249 1369 1319 1437 fore
1342 1385 1379 1436 ut
1400 1368 1471 1436 Iulo

447 1503 628 1582 prognatus
646 1513 745 1556 manu
773 1489 1092 1582 consanguineorum
1119 1503 1310 1571 necaretur,
1333 1489 1471 1584 magnis-

446 1631 511 1698 que
534 1631 610 1674 rnox
631 1605 732 1674 Italiae
755 1605 904 1675 cladibus
930 1605 1192 1675 vindicaretur.»
1222 1608 1326 1700 Cujus
1351 1609 1418 1692 rei,
1436 1632 1473 1672 nc

447 1726 521 1816 quis
541 1724 723 1800 fabulosam
741 1727 1068 1808 autcommentitiam
1078 1741 1191 1819 putet,
1207 1741 1323 1793 auctor
1333 1739 1380 1792 cst
1394 1728 1474 1792 Cor·

448 1843 553 1912 nelius
574 1843 710 1930 Balbus,
724 1845 997 1912 familiarissimus
1016 1846 1164 1914 Caesaris.
1184 1845 1345 1912 Proximis
1362 1844 1475 1910 diebus

447 1987 607 2054 equorum
634 1987 764 2056 greges,
784 1987 867 2054 quos
893 1965 927 2030 in
951 1963 1143 2055 trajiciendo
1162 1965 1324 2031 Rubiconi
1349 1963 1474 2030 [lumini

447 2096 670 2164 consecrarat,
686 2107 724 2148 ac
742 2107 843 2174 vagos
869 2097 902 2150 et
927 2083 996 2149 sine
1021 2081 1157 2150 custode
1186 2081 1368 2168 dimiserat,
1385 2107 1475 2149 corn·

448 2199 533 2291 perit
547 2200 805 2292 pertinacissime
822 2200 945 2294 pabulo
964 2201 1144 2288 abstinere,
1164 2201 1370 2292 ubertimque
1387 2201 1474 2268 llere.

448 2321 490 2386 Et
509 2317 731 2386 immolantem
750 2319 914 2411 haruspex
930 2321 1095 2413 Spurinna
1113 2320 1258 2403 monuit,
1276 2333 1404 2387 caveret
1424 2343 1478 2410 pc·

449 2435 606 2524 ciculum,
623 2435 711 2529 quod
725 2461 793 2504 non
806 2435 893 2504 ultra
902 2438 1034 2506 martias
1049 2437 1123 2506 idus
1142 2436 1353 2530 proferretur.
1367 2437 1480 2506 Pridie

449 2570 559 2622 autern
579 2555 708 2623 easdem
728 2554 801 2624 idus
829 2581 923 2624 avem
953 2554 1168 2650 regaliolum,
1196 2581 1272 2624 curn
1293 2555 1408 2622 laureo
1431 2581 1480 2622 ra·

449 2673 540 2744 mulo
555 2675 762 2768 Pompeianae
778 2677 877 2743 curiae
888 2700 922 2744 se
940 2675 1149 2762 inferentem,
1162 2673 1310 2743 volucres
1325 2677 1408 2742 varii
1423 2701 1481 2768 gc-

449 2794 536 2861 neris
557 2819 596 2861 ex
622 2794 772 2886 proximo
794 2819 928 2862 nemore
950 2809 1130 2889 persecutae
1153 2793 1273 2864 ibidem
1297 2793 1482 2887 discerpse-

449 2928 538 2980 runt.
556 2915 605 2980 Ea
624 2937 701 2980 vero
719 2927 831 2998 nocte,
849 2916 902 2981 cui
923 2912 1030 2980 illuxit
1051 2914 1120 2981 dies
1137 2912 1250 3002 caedis,
1271 2927 1304 2980 et
1330 2915 1401 3006 ipse
1420 2913 1483 2979 sibi

451 3032 539 3098 visus
558 3045 606 3098 cst
623 3053 683 3123 per
705 3034 848 3124 quietern
871 3031 1037 3100 interdum
1064 3057 1164 3124 supra
1189 3033 1292 3100 nubes
1320 3030 1485 3114 volitare,

451 3148 529 3216 alias
539 3174 614 3216 cum
631 3153 711 3218 Jove
726 3151 874 3218 dextram
888 3153 1038 3244 jungere.
1051 3155 1092 3222 Et
1107 3149 1288 3244 Calpurnia
1302 3176 1387 3218 uxor
1403 3153 1488 3218 ima·

451 3270 561 3360 ginata
586 3281 654 3354 est,
684 3267 804 3336 collabi
836 3269 1001 3362 fastigium
1028 3269 1163 3354 domus,
1194 3271 1421 3361 maritumque
1454 3269 1489 3335 in

451 3388 575 3480 gremio
593 3411 653 3454 suo
670 3387 825 3456 confodi:
844 3411 882 3454 ac
899 3387 1009 3455 subito
1026 3386 1169 3455 cubiculi
1189 3387 1274 3456 foros
1293 3402 1416 3480 sponte
1435 3411 1494 3480 pa·

452 3519 597 3573 tuerunt.
616 3507 670 3574 Ob
688 3507 756 3573 baec
774 3505 870 3574 simul
888 3522 920 3573 et
937 3507 979 3572 ob
1003 3505 1165 3574 infirmam
1183 3505 1411 3574 valetudinem
1431 3505 1492 3572 diu

451 3638 622 3692 cunctatus
641 3648 684 3692 an
701 3649 735 3692 se
753 3626 957 3710 contineret,
980 3638 1026 3710 ct,
1047 3649 1120 3715 quae
1137 3624 1226 3716 apud
1241 3639 1393 3691 senatum
1409 3651 1494 3717 pro-

453 3757 624 3834 posuerat,
643 3767 739 3835 agere
758 3741 923 3828 differret,
941 3742 1074 3810 tandem
1093 3747 1134 3811 D.
1152 3746 1255 3810 Bruto
1272 3742 1497 3826 adhortante,

453 3885 494 3926 ne
511 3858 696 3951 frequentes
721 3885 758 3928 ac
783 3861 850 3952 jam
878 3859 1005 3927 dudum
1036 3862 1241 3952 opperientes
1268 3859 1496 3949 destitueret,

454 3978 569 4066 quinta
584 3977 651 4045 fere
670 3978 753 4044 hora
769 4002 961 4070 progressus
978 3994 1044 4045 cst:
1058 3977 1269 4070 libellumque
1289 3977 1495 4048 insidiarum

456 4095 611 4180 indicem,
636 4097 678 4164 ab
697 4096 795 4162 obvio
812 4095 954 4188 quodam
974 4109 1181 4188 porrectum,
1206 4095 1323 4164 libellis
1347 4097 1495 4182 ceteris,
