3114 5446
539 523 733 582 caucum.
1096 531 1150 609 189

125 674 198 718 cum
217 648 289 716 lora
310 662 344 716 et
368 645 517 718 basilicas
535 647 819 718 nomenculatores
839 651 881 720 ad
904 652 1092 724 invitandos
1115 660 1162 727 in·

124 768 293 838 libidinem
307 765 446 862 juvenes
464 791 644 862 senesque,
662 768 798 864 prebita
819 769 1070 843 advenientibus
1091 801 1149 870 pe·

124 890 220 957 cunia
238 888 383 972 fenebri,
403 889 643 982 appositisque,
661 889 720 980 qui
741 888 875 957 nomina
895 887 1004 984 palam
1024 894 1147 962 subno·
1205 902 1209 911 '

125 1021 251 1094 tarent,
275 1009 369 1100 quasi
397 1005 624 1100 adjuvantium
647 1009 784 1076 Caesaris
807 1007 942 1078 reditus.
965 1013 1015 1080 Ac
1038 1037 1080 1081 ne
1109 1039 1149 1082 ex

125 1125 195 1195 lusu
210 1124 345 1218 quidem
366 1123 443 1194 aleae
459 1123 691 1216 compendium
705 1149 877 1218 spernens,
892 1125 965 1220 plus
978 1131 1150 1200 mendacio

125 1260 221 1338 atque
238 1245 339 1313 etiam
357 1243 503 1338 perjurio
522 1241 724 1313 lucrabatur.
744 1247 789 1312 Et
801 1245 977 1336 'quondam
997 1251 1147 1341 proximo

125 1361 279 1432 collusori
307 1360 506 1431 demandata
530 1361 602 1428 vice
630 1385 713 1447 sua,
744 1386 936 1456 progressus
964 1366 998 1432 in
1027 1370 1148 1436 atrium

126 1481 262 1570 domus,
284 1504 387 1574 quum
405 1493 641 1574 praetereuntes
663 1478 745 1548 duos
771 1481 897 1573 equites
922 1507 1076 1554 romanos
1100 1485 1150 1554 lo·

127 1599 270 1694 supletes
294 1599 364 1668 sine
387 1622 480 1668 mora
501 1599 625 1690 corripi
645 1597 881 1690 confiscarique
897 1600 1067 1692 jussisset3
1090 1629 1147 1672 ex-

127 1717 249 1787 sultans
276 1716 396 1804 rediit,
421 1715 649 1810 gloriansque,
678 1739 849 1810 nunquam
877 1742 911 1788 se
938 1723 1147 1814 prosperiore

126 1833 192 1905 alea
213 1860 323 1906 usum

169 1958 280 2024 XLII.
300 1953 384 2024 Filia
405 1978 482 2023 vero
500 1968 599 2042 nata,
618 1967 863 2049 paupertatem,
884 1981 945 2026 nec
958 1957 1027 2052 jam
1045 1961 1149 2054 impe-

127 2075 245 2143 ratoria
268 2073 389 2159 modo,
412 2071 468 2141 sed
493 2088 528 2141 et
551 2075 658 2167 patria
681 2099 884 2167 conquerens
905 2101 1024 2164 onera,
1047 2078 1151 2149 colla·

129 2193 230 2262 dones
248 2194 286 2260 in
305 2190 494 2260 alimoniam
510 2206 609 2284 atque
629 2191 738 2260 dotem
755 2191 871 2286 puellae
886 2197 1019 2290 recepit.
1034 2197 1148 2266 Edixit

128 2325 159 2380 et
182 2326 312 2381 strenas
338 2311 472 2378 ineunte
496 2334 585 2379 anno
610 2335 645 2379 se
669 2325 908 2404 recepturum:
931 2316 1086 2408 stetitque
1112 2317 1147 2384 in

128 2428 288 2500 vestibulo
301 2427 419 2498 redium
433 2425 581 2497 kalendis
596 2429 756 2520 januariis
775 2429 817 2498 ad
832 2431 1009 2523 captandas
1025 2433 1147 2526 stipes,

128 2573 203 2640 quas
225 2546 333 2642 plenis
356 2561 433 2616 ante
456 2571 533 2614 eum
555 2546 707 2616 manibus
734 2571 772 2616 ac
790 2548 865 2616 sinu
888 2551 994 2625 omnis
1017 2553 1147 2643 generis

129 2669 224 2737 turba
244 2667 414 2736 fundebat.
431 2664 617 2735 Novissime
636 2663 876 2733 contrectanda
893 2669 1040 2758 pecuniae
1056 2671 1149 2762 cupi-

127 2785 200 2855 dine
215 2788 385 2872 incensus,
398 2808 483 2878 saepe
499 2785 788 2877 superimmensus
804 2807 980 2852 aureorum
996 2810 1147 2876 acervos,

127 2905 354 2996 patentissimo
375 2903 510 2972 diffusos
529 2900 623 2989 loco,
643 2917 676 2970 et
694 2900 791 2968 nudis
812 2901 948 2995 pedibus
969 2905 1148 2998 spatiatus,

126 3037 159 3090 ct
174 3039 245 3092 toto
260 3046 401 3116 corpore
418 3019 620 3114 aliquamdiu
637 3019 803 3089 volutatus
820 3033 898 3112 est„

171 3146 293 3212 XLIII.
312 3139 467 3210 Militiam
489 3165 605 3234 resque
624 3139 756 3208 bellicas
772 3139 872 3208 semel
891 3141 1022 3236 attigit,
1041 3167 1149 3235 neque

126 3285 166 3330 ex
182 3261 365 3347 destinato,
382 3259 438 3328 sed
456 3283 559 3352 quum
582 3259 624 3326 ad
638 3255 809 3348 visendum
829 3283 943 3328 nemus
963 3259 1149 3354 flumenque
1251 3323 1254 3329 .

127 3377 288 3449 Clitumni
314 3378 504 3448 Mevaniam
528 3377 761 3470 processisset,
788 3374 975 3444 admonitus
1003 3377 1044 3446 de
1069 3403 1150 3472 sup·

125 3497 246 3592 plendo
275 3521 416 3566 numero
443 3499 661 3582 Batavorum,
691 3518 773 3588 quos
803 3495 890 3563 circa
918 3519 951 3563 se
982 3497 1148 3585 habebat,

123 3617 343 3710 expeditionis
360 3615 554 3708 germanicae
573 3613 733 3706 impetum
749 3613 859 3705 cepit:
879 3637 986 3704 neque
1003 3612 1148 3702 distulit,

122 3735 181 3803 sed
208 3734 393 3829 legionibus
420 3747 452 3801 ct
480 3730 609 3804 auxiliis
635 3730 783 3824 undique
808 3732 943 3819 excitis,
968 3729 1149 3801 delectibus

122 3853 249 3946 ubique
275 3852 482 3921 acerbissime
506 3851 607 3938 actis,
633 3863 802 3919 contracto
825 3865 859 3918 et
883 3850 989 3918 omnis
1017 3852 1148 3943 generis

120 3986 331 4058 commeatu,
348 3984 474 4064 quanto
492 3993 663 4062 nunquam
680 3984 793 4055 antea,
811 3970 872 4036 iter
891 3969 1055 4060 ingressus
1074 3983 1148 4036 est:

120 4089 331 4182 confecitque
350 4087 449 4157 modo
469 4103 535 4158 tam
558 4088 749 4158 festinanter
772 4103 804 4155 et
822 4085 957 4180 rapide,
976 4101 1012 4178 ut
1031 4102 1150 4180 priato·
