3098 5446
418 532 475 592 266
818 531 849 588 G
871 532 1045 590 SUETONH

419 675 488 730 tom
497 657 606 753 eapite
621 659 767 752 integro,
779 655 927 728 hinnitus
935 655 1032 730 edere
1041 681 1190 730 canoros.
1201 661 1251 728 De
1261 659 1425 750 mausoleo,

418 793 535 874 sponte
549 777 675 849 loribus
691 775 878 874 patefactis,
900 775 1054 852 modin
1067 801 1132 846 vox
1146 791 1197 848 ost
1214 779 1345 847 nomine
1358 803 1424 850 eom

418 901 543 970 cientis.
566 897 721 970 Kdendis
743 899 885 994 januarii
910 899 1060 970 exornati
1076 901 1179 974 Lares
1198 899 1232 968 iu
1252 899 1323 992 ipso
1335 903 1425 972 ateri-

418 1021 482 1092 licii
498 1033 659 1114 apparatu
675 1017 899 1090 mmidarunt
917 1019 1112 1114 duspimoti
1138 1021 1265 1112 Sporus
1279 1019 1427 1096 annulum

416 1139 544 1226 muneri
554 1137 686 1226 obtulit,
698 1139 794 1233 oujua
804 1163 941 1234 gemme
949 1137 1118 1234 aordptura
1129 1153 1200 1214 arat
1214 1143 1427 1235 «Promrpioa

415 1275 566 1356 raptus.»
585 1264 749 1332 Votorum
768 1261 1034 1354 nuncupatione,
1059 1283 1178 1354 magua
1197 1261 1268 1353 jam
1284 1263 1429 1338 ordinum

415 1381 613 1474 Mentis,
632 1382 688 1460 vix
703 1395 841 1474 repertu²
855 1378 1013 1474 Capitolii
1035 1377 1154 1456 clares.
1174 1382 1289 1470 Quum
1307 1406 1346 1454 ex
1364 1407 1430 1457 ora·

415 1502 504 1570 tione
520 1501 613 1594 ejus,
637 1525 703 1594 qua
730 1502 765 1570 in
787 1499 961 1570 Vindicem
980 1501 1170 1594 perorabat,
1186 1502 1380 1574 recitaretur
1400 1505 1430 1574 in

414 1635 544 1708 senatu,
558 1620 719 1692 «dames
735 1643 848 1714 ponas
862 1617 1050 1706 sceleratos,
1062 1643 1101 1692 ao
1116 1621 1208 1692 brevi
1221 1619 1359 1716 dignum
1376 1624 1435 1692 exi·

415 1757 487 1812 tum
503 1741 690 1828 lecturos,n
708 1740 952 1812 conclamatum
965 1754 1015 1812 est
1032 1741 1075 1810 ab
1094 1742 1253 1814 universis
1269 1767 1279 1810 z
1296 1746 1373 1814 «To
1390 1743 1433 1816 sa·

413 1863 496 1946 cios,
514 1866 698 1958 Auguste.»
712 1861 933 1930 Observatum
959 1861 1059 1932 etiam
1085 1859 1208 1948 litarat,
1228 1862 1435 1936 novissimam

412 1980 557 2050 fabulam
580 1997 729 2052 caumate
753 2005 829 2051 eum
852 1980 983 2075 publice
1001 1979 1237 2074 eOEdipndem
1254 1979 1436 2066 exsulem»

413 2114 514 2192 atque
529 2101 562 2169 io
583 2101 647 2170 hoe
660 2099 782 2170 desisae
797 2125 894 2172 versu
913 2128 921 2169 :

584 2268 672 2319 Oavaiv
689 2274 716 2338 μ’
734 2271 811 2339 duppe
830 2271 964 2340 σύγγαμος,
979 2269 1072 2338 μήτηρ,
1091 2270 1182 2338 πατήρ.

459 2401 597 2468 XLVII.
616 2399 780 2470 Nunciata
790 2399 921 2470 interim
933 2399 1031 2467 etiam
1041 2413 1224 2466 ceterorum
1237 2403 1442 2469 exercituum

362 2515 366 2522 ’
410 2517 612 2605 defectione,
634 2516 760 2588 litteras
785 2517 961 2617 prandenti
987 2517 1048 2586 sibi
1074 2515 1217 2586 redditas
1236 2519 1443 2614 concerpsit,

410 2661 557 2709 mensam
580 2636 760 2730 subvertit,
782 2637 865 2708 duos
889 2638 1027 2734 scyphos
1045 2637 1220 2732 gratissimi
1242 2663 1344 2726 usus,
1364 2664 1445 2732 quos

411 2759 587 2826 Homerios
614 2782 634 2825 a
657 2755 812 2829 celatura
830 2757 1013 2830 carminum
1030 2757 1165 2825 Homeri
1186 2757 1357 2844 vocabat,
1378 2757 1447 2826 solo

410 2875 516 2962 illisit,
527 2901 566 2945 ac
575 2890 685 2943 sumto
698 2897 718 2941 a
732 2879 876 2942 Locusta
887 2899 1028 2962 veneno,
1043 2889 1076 2942 et
1091 2877 1127 2964 ¹in
1139 2899 1271 2950 auream
1288 2876 1446 2972 pyxidem

410 2994 563 3080 condito,
582 2993 713 3060 transiit
733 2991 768 3058 in
792 2991 908 3060 hortos
931 2991 1138 3066 Servilianos.
1165 2995 1248 3081 Ubi,
1265 2998 1449 3090 praemissis

411 3114 607 3186 libertorum
628 3107 793 3178 fidissimis
815 3111 943 3180 Ostiam
962 3107 1004 3178 ad
1021 3108 1155 3185 classem
1172 3115 1450 3208 preparandam,

411 3233 562 3301 tribunos
583 3229 855 3324 centurionesque
873 3229 1018 3324 praetorii
1035 3227 1076 3298 de
1092 3227 1176 3326 fugae
1195 3233 1360 3303 societate
1379 3249 1450 3303 ten-

408 3352 500 3421 tavit.
521 3348 586 3420 Sed
604 3349 726 3444 partim
742 3347 1046 3442 tergiversantibus,
1065 3351 1187 3447 partim
1203 3367 1322 3448 aperte
1344 3353 1456 3423 detre-

409 3471 589 3558 ctantibus,
606 3493 674 3538 uno
690 3492 771 3538 vero
788 3469 886 3537 etiam
904 3465 1152 3564 proclamante,

580 3628 678 3702 Usque
693 3625 803 3685 adeone
818 3626 892 3687 mori
908 3627 1040 3687 merum
1056 3626 1115 3687 cst?

407 3769 498 3837 varia
512 3765 649 3861 agitavit
669 3791 677 3834 ε
694 3765 896 3850 Parthosne,
914 3789 956 3834 an
977 3765 1118 3836 Galbam
1135 3765 1275 3860 supplex
1296 3785 1459 3864 peteret,

408 3913 450 3956 an
460 3901 585 3959 atratus
597 3884 744 3980 prodiret
760 3887 795 3954 in
808 3883 992 3978 publicum,
1010 3910 1136 3980 proque
1154 3889 1302 3976 Rosbis,
1319 3905 1459 3985 quanta

408 4008 551 4075 maxima
570 4019 680 4100 posset
699 4005 928 4088 miseratione,
945 4006 1074 4074 veniam
1095 4007 1348 4108 preteritorum
1381 4037 1461 4105 pre·

409 4141 550 4210 caretur,
567 4149 622 4212 ae,
639 4125 673 4192 ni
687 4124 826 4194 flexisset
845 4125 986 4212 animos,
999 4123 1048 4193 vel
1063 4127 1194 4220 AEgypti
1208 4127 1462 4220 praefecturam
