3138 5438
122 457 1130 508 mmmmm

190 817 245 922 C.
272 819 590 926 SUETONII
616 813 1031 953 TRANQUILLI

202 1133 210 1200 ⁵
303 1195 378 1340 e.
418 1201 485 1344 J.
532 1200 904 1351 cusan.

547 1687 680 1706 *—

107 2027 126 2092 1.
134 1961 249 2096 Carus
270 2029 395 2094 Junrus
422 2024 543 2090 Cressa
551 2071 606 2088 .....
630 2045 756 2090 annum
774 2005 873 2116 agens
890 2039 1018 2094 sextum
1037 2025 1125 2096 deci-

107 2169 196 2232 num,
213 2160 345 2240 patrem
370 2143 508 2211 amisit:
532 2139 809 2233 sequentibusque
833 2142 1041 2230 consulibus,
1065 2147 1124 2214 tla-

106 2289 164 2332 ncu
186 2263 293 2334 Dialis
317 2262 517 2347 destinatus,
540 2260 674 2330 dimissa
693 2263 864 2349 Cossutia,
885 2272 983 2356 quaa,
1000 2264 1124 2335 familia
1176 2289 1178 2294 ·

104 2386 246 2477 equestri,
275 2383 335 2454 sed
362 2380 540 2450 admodum
566 2379 677 2468 dives,
704 2395 897 2475 pretextato
925 2383 1122 2477 desponsata

105 2503 208 2592 beret,
228 2501 443 2589 Corneliam,
462 2501 577 2570 cinna
594 2514 711 2593 quater
729 2501 873 2572 consulis
891 2502 1011 2590 filiam,
1028 2504 1123 2573 duxit

24 2667 25 2670 =
103 2649 235 2713 uxorem,
252 2648 299 2693 ex
314 2647 378 2716 qua
395 2619 443 2688 illi
462 2645 540 2688 mox
557 2619 644 2689 Julia
661 2636 739 2690 nata
757 2636 824 2708 est3
846 2647 953 2715 neque
970 2639 1007 2692 ut
1024 2649 1122 2718 repu-

101 2743 186 2813 diaret
212 2741 371 2836 compelli
403 2765 423 2809 a
452 2739 615 2810 dictatore
642 2739 735 2810 Sulla
750 2781 752 2786 ,
768 2739 837 2809 ullo
873 2742 972 2810 modo
1001 2744 1119 2835 potuit.

101 2864 194 2951 Quare
209 2880 242 2934 et
257 2861 463 2949 sacerdotio,
482 2875 516 2930 et
532 2861 643 2929 uxoris
665 2860 757 2946 dote,
778 2875 811 2928 et
830 2859 1000 2954 gentilitiis
1020 2863 1120 2930 haerc-
1148 2920 1151 2924 .

99 2981 236 3054 ditatibus
257 2981 439 3070 multatus,
459 2981 663 3049 diversarum
683 2980 829 3074 partium
852 2981 1061 3050 habebatur:
1082 2998 1120 3052 ut

98 3103 177 3172 etiam
199 3102 370 3174 discedere
391 3127 410 3170 e
432 3099 563 3188 medio,
588 3113 640 3188 et,
663 3124 864 3192 quamquam
888 3097 1004 3169 morbo
1024 3127 1121 3195 quar·

99 3236 164 3292 tane
178 3237 401 3319 aggravante,
421 3247 526 3316 prope
545 3245 605 3314 per
624 3219 770 3314 singulas
788 3235 900 3289 noctes
918 3238 1119 3293 commutare

96 3338 214 3413 latebras
231 3357 425 3439 cogeretur,
442 3365 541 3434 seque
554 3341 595 3409 ab
610 3340 861 3432 inquisitoribus
877 3343 1015 3435 pecunia
1029 3343 1117 3412 redi-

97 3478 197 3550 meret3
215 3464 328 3532 donec
347 3485 407 3556 per
426 3462 572 3554 virgines
592 3458 750 3548 vestales,
770 3485 893 3553 perque
911 3463 1116 3530 Mamercum

95 3579 243 3650 AEmilium
274 3595 313 3650 et
335 3579 509 3650 Aurelium
538 3582 694 3668 Cottam,
722 3580 926 3672 propinquos
950 3579 1117 3649 staffines

91 3719 169 3788 suos,
187 3703 325 3770 veniam
346 3699 545 3793 impetravit.
569 3699 656 3768 Satis
677 3713 825 3786 constat,
846 3697 992 3788 Sullam,
1012 3725 1120 3793 quum,

24 3841 25 3870 ÷
92 3814 331 3912 deprecantibus
348 3819 555 3888 amicissimis
575 3832 611 3888 et
626 3819 837 3887 ornatissimis
856 3820 935 3888 viris
953 3817 1115 3912 aliquam-

90 3935 134 4006 diu
161 3939 375 4036 denegasset,
406 3955 504 4034 atque
532 3939 580 4008 illi
613 3939 825 4033 pertinaciter
856 3939 1113 4028 contenderent,

24 4051 25 4092 t

24 4109 25 4126 t
90 4075 301 4154 expugnatum
326 4059 460 4128 tandem
482 4059 723 4152 proclamasse,
746 4061 815 4127 sire
841 4059 1020 4148 divinitus,
1046 4062 1114 4129 sive

217 4207 238 4249 ι.
458 4247 462 4252 ,
939 4202 949 4245 1
