3108 5434
410 427 598 483 OCTAVIUS
612 426 817 484 AUGUSTUS.
1075 430 1128 488 113

98 551 224 646 exegita
236 547 399 645 singulis,
417 575 483 619 nou
497 548 564 620 alio
580 551 690 621 domm
710 573 875 621 summam
895 573 996 644 marn
1013 549 1047 618 in
1065 575 1135 622 em-

100 673 213 740 tionem
238 668 544 740 Alexandrinarum
570 672 731 741 mercium
756 671 978 740 absumturos.
1004 669 1071 740 Sed
1103 685 1138 740 et
1164 641 1172 662 ⁶

100 806 218 862 uteros
236 791 416 860 continuos
434 788 505 860 dies
524 792 611 861 inter
630 792 721 862 varia
738 789 954 878 munuscula,
972 777 1067 889 togas
1086 792 1138 860 in·

101 935 189 1005 super
212 936 252 980 ac
276 908 379 1006 pallia
405 909 595 1001 distribuit,
621 910 693 1007 lege
717 915 907 1008 proposita,
934 927 973 981 ut
994 914 1139 982 Romani

102 1036 230 1120 Graeco,
258 1031 369 1104 Graeei
395 1035 549 1102 Romano
575 1031 690 1101 habitu
718 1047 752 1102 et
777 1057 929 1103 sermone
953 1046 1138 1104 uterentur.

103 1151 265 1248 spectavit
285 1149 417 1222 assidue
432 1165 465 1222 et
483 1166 671 1224 exercentes
682 1153 848 1248 ephebos,
866 1178 1009 1247 quorum
1030 1151 1142 1245 aliqua

102 1272 203 1343 adhue
232 1273 331 1367 eopia
358 1297 399 1342 ex
426 1286 538 1342 vetere
564 1273 718 1344 instituto
745 1275 882 1368 Capreis
909 1288 990 1343 eret.
1019 1273 1142 1343 lisdem

102 1395 192 1463 etiam
206 1391 347 1488 epulum
362 1393 397 1462 iu
412 1406 591 1487 conspeetu
606 1417 666 1462 suo
681 1393 837 1488 praebuit,
853 1394 1027 1489 permissa,
1041 1395 1142 1464 immo

104 1529 225 1604 exacta,
236 1512 372 1608 jocandi
385 1509 535 1602 licentia,
549 1511 793 1608 diripiendique
805 1539 984 1609 pomorum
996 1529 1031 1584 et
1044 1515 1142 1584 obso-

104 1637 234 1704 niorum
250 1656 429 1727 remnnque
444 1630 627 1700 missilium.
644 1631 749 1702 Nullo
766 1632 910 1728 denique
925 1659 1045 1729 genere
1063 1633 1146 1704 hila·

103 1755 203 1824 n'tatis
225 1753 399 1822 abstinuit
419 1751 572 1822 Vicinam
595 1751 732 1846 Capreis
754 1751 896 1822 insulam
915 1746 1146 1844 ’Asperiora

104 1873 309 1970 appellabat,
329 1897 350 1942 a
370 1870 496 1941 desidia
513 1869 737 1941 secedentium
758 1871 837 1943 illuc
859 1898 878 1944 e
896 1875 1054 1944 comitatu
1074 1899 1145 1945 suo.

105 1995 165 2065 Sed
184 2021 227 2065 ex
247 1993 378 2063 dilectis
397 2015 523 2078 unum,
540 1993 723 2086 Masgaban
743 1995 896 2080 nomine,
916 1996 1011 2088 quasi
1030 1993 1146 2065 condi·

106 2131 206 2187 torem
233 2113 372 2202 insule,
396 2108 539 2200 Krroripv
564 2136 683 2182 vocare
709 2129 909 2183 consuerat:
929 2115 1029 2210 hujus
1054 2119 1147 2185 Mas·

103 2237 211 2332 gabae,
231 2248 312 2306 ante
329 2257 455 2304 annum
473 2231 638 2319 defuncti,
657 2227 823 2301 tumulum
842 2259 947 2327 quum
966 2259 984 2304 e
1004 2233 1148 2304 triclinio

102 2355 393 2426 animadvertisset
416 2377 535 2448 magna
559 2351 657 2420 turba
680 2350 859 2447 multisque
881 2351 1062 2423 luminibus
1085 2353 1149 2423 fre-

104 2477 278 2571 quentari,
296 2498 430 2543 versum
449 2473 670 2566 compositum
689 2495 707 2541 e
727 2485 874 2568 tempore
894 2472 981 2543 clare
998 2499 1149 2567 pronun·

102 2613 230 2667 namt:

240 2746 378 2812 xercent
395 2747 431 2812 dl
445 2735 664 2822 τύμβονὶίπρῦ
680 2748 860 2824 πυρούμενον·

100 2877 356 2988 conversusque
378 2889 420 2960 ad
441 2889 672 2986 Thrasyllum,
693 2891 817 2959 Tiberii
840 2892 1015 2980 comitem,
1036 2905 1151 2960 eontra

98 3015 348 3100 secubantem,
377 3027 411 3080 et
439 3012 592 3106 ignarum
619 3011 687 3098 rei,
715 3011 952 3104 interrogauit,
980 3012 1152 3104 cujusnam
1272 3059 1274 3064 -

97 3149 208 3229 poetae
225 3146 368 3229 putaret
382 3155 461 3200 esse.
477 3133 557 3221 Quo
572 3130 759 3216 haesitante,
777 3130 916 3224 subjecit
929 3127 1032 3199 alium
1048 3155 1058 3202 z

245 3293 338 3375 Ὁρᾷς
352 3296 459 3369 φάσσαι
473 3294 647 3376 Μισγοὶβιιν
659 3295 833 3368 studueram

95 3449 202 3519 aede
224 3450 295 3518 hoc
314 3469 449 3541 quoque
466 3443 642 3515 consuluit.
665 3448 782 3536 Quum
802 3443 856 3514 ille
875 3445 956 3515 nihil
977 3445 1068 3515 aliud
1088 3473 1155 3516 res-

93 3571 295 3664 ponderet,
326 3591 447 3662 quam,
476 3565 704 3661 cujuscunque
732 3582 860 3655 essent,
891 3570 1035 3660 optimos
1065 3593 1155 3654 esse,

91 3691 315 3760 cachinnum
345 3684 499 3775 sustulit,
528 3701 627 3780 atque
656 3687 690 3754 iu
716 3687 809 3780 jocos
837 3685 960 3756 effusus
987 3701 1046 3755 est.
1074 3689 1156 3756 Mox

90 3809 292 3906 Neapolim
310 3807 456 3900 trajecit,
473 3831 674 3900 quamquam
693 3810 791 3875 etiam
811 3821 883 3875 tum
903 3805 1039 3874 infirmis
1058 3807 1158 3874 intes·

89 3933 175 4000 tiois
195 3927 330 4000 morbo
349 3927 498 3996 variante
519 3951 527 3994 :
547 3941 657 3995 tamen
676 3940 709 3994 et
726 3923 975 4019 quinquennale
992 3940 1156 3994 certamen

89 4051 326 4147 gymnicum,
342 4047 463 4115 honori
479 4071 539 4114 suo
557 4046 762 4134 institutum,
778 4045 1016 4140 perspectauit3
1033 4058 1065 4112 et
1080 4070 1156 4114 curn

262 4191 287 4233 r.
971 4163 992 4234 8
