3098 5446
558 587 668 644 uano.
1067 592 1124 668 ²⁵9

100 723 290 779 cunctantes
304 711 463 787 continuo
477 724 672 796 curarent;a
694 711 739 779 ita
752 713 839 779 enim
855 713 1010 802 vocabat,
1025 739 1124 786 venas

101 829 214 898 mor-tis
224 829 330 923 gratia
344 829 496 898 incidere.
510 828 669 898 Creditur
680 829 778 900 etiarn
789 827 977 926 polyphago
992 832 1123 904 cuidam

98 950 228 1044 egyptii
248 950 395 1044 generis,
411 949 549 1018 crudam
566 973 716 1036 carnem,
734 963 785 1036 et,
804 951 961 1044 quioquid
978 949 1124 1041 daretur,

98 1067 254 1137 mandere
280 1081 426 1156 assueto,
442 1069 633 1162 concupisse
661 1071 753 1138 vivos
778 1069 927 1140 hominm
952 1068 1124 1142 laniandos

100 1186 385 1280 absumendosque
400 1187 553 1280 objicere.
572 1186 688 1258 Elatus
706 1186 904 1281 inflatusque
921 1189 1020 1258 tantis
1033 1187 1123 1260 velut

99 1307 320 1395 successibus,
351 1309 498 1402 negavit,
522 1331 757 1400 «quemquam
787 1307 977 1401 principum
1006 1309 1125 1396 scisse«,

99 1421 179 1514 quid
194 1423 258 1492 sibi
271 1423 382 1494 liceret
399 1451 434 1494 :s
452 1423 640 1519 multasque
652 1449 713 1494 nec
730 1425 847 1494 dubias
868 1424 1123 1520 significationes

99 1565 182 1636 saepe
193 1543 293 1636 jecit,
305 1567 347 1612 ne
359 1543 493 1636 reliquis
505 1543 639 1636 quidem
654 1569 689 1614 sc
705 1569 882 1638 parsurum
897 1543 1124 1632 senatoribus3

98 1685 240 1755 eurnque
252 1661 402 1732 ordinem
414 1661 621 1732 sublaturum
636 1663 835 1756 quandoque
850 1687 870 1731 e
886 1660 1071 1756 republica,
1085 1687 1124 1734 ac

98 1782 284 1874 provincias
300 1796 333 1850 et
343 1783 506 1852 exereitus
522 1781 627 1874 equiti
641 1805 781 1850 romano
796 1805 834 1850 ac
843 1779 970 1852 libertis
986 1783 1125 1874 permis·

96 1923 220 1973 surum.
234 1903 331 1970 Certe
340 1925 447 1994 neque
456 1899 643 1987 adveniens,
658 1925 766 1994 neque
776 1901 998 1994 proficiscens,
1008 1925 1125 1993 quem·

95 2043 194 2112 quam
211 2018 328 2090 osculo
347 2021 522 2113 impertiit,
542 2044 581 2089 ac
602 2044 646 2088 ne
667 2018 900 2090 resalutatione
917 2019 1063 2111 quidem.
1080 2023 1125 2088 Et

96 2141 128 2206 in
149 2133 361 2234 auspicando⁴
377 2163 476 2232 opere
506 2139 642 2218 isthmi,
663 2163 783 2232 magna
808 2139 993 2231 frequentia
1014 2136 1122 2222 clare,

94 2261 168 2328 «Ut
184 2259 248 2328 sibi
264 2283 303 2328 ac
320 2256 443 2352 populo
457 2281 594 2326 romano
609 2258 760 2326 benerae
778 2271 964 2343 verteret‚s
978 2258 1123 2351 optarit,

94 2375 298 2448 dissimulata
316 2391 446 2447 senatus
463 2377 642 2446 mentione.

138 2499 332 2566 xxxvttt
350 2495 417 2566 Sed
435 2520 494 2566 nec
514 2493 660 2589 populo,
677 2509 734 2563 aut
756 2494 918 2562 moenibus
936 2495 1049 2586 patrie
1066 2517 1123 2586 pe·

92 2617 209 2708 percit.
227 2617 368 2686 Dicente
387 2613 532 2707 quodam
548 2614 582 2682 in
598 2637 748 2684 sermone
760 2614 945 2698 communi,

249 2803 316 2885 ἐμοῦ
331 2815 441 2874 θανόντος
451 2815 513 2886 γαῖα
526 2814 636 2883 μιχθήτω
652 2809 719 2880 πυρί·

89 2981 224 3048 strumo
239 3029 250 3064 ,
268 3007 285 3041 a
312 2979 443 3070 inquit,
464 2974 574 3066 «ἐμοῦ
597 2973 712 3066 ζῶντος.
729 3003 746 3038 n
767 2971 934 3066 Planeque
952 2973 999 3040 ita
1018 2970 1096 3040 fecit
1116 2998 1122 3038 :

88 3123 191 3185 narn,
211 3097 306 3191 quasi
322 3095 468 3166 offensus
484 3095 692 3166 deformitate
715 3107 863 3162 veterum
887 3090 1122 3176 aedificiorum,

86 3234 121 3287 et
141 3220 307 3314 angustiis
332 3217 529 3311 flexurisque
546 3217 712 3303 vicorum,
739 3209 885 3284 incendit
911 3213 1036 3282 Urbem
1055 3226 1124 3280 tans

84 3339 219 3432 palam,
236 3353 276 3408 ut
303 3337 452 3432 plerique
475 3335 664 3407 consulares
692 3331 912 3406 cubicularios
935 3333 1022 3425 ejus,
1048 3355 1125 3400 oum

83 3475 211 3554 stuppa
238 3458 388 3552 taedaque
405 3460 440 3528 in
459 3455 590 3551 prediis
612 3457 679 3526 suis
698 3453 939 3547 deprehensos,
959 3475 1025 3520 non
1048 3450 1125 3518 atti·

82 3581 222 3672 gerint:
236 3593 270 3647 et
280 3577 427 3671 quaedam
437 3578 556 3645 horrea
570 3577 657 3644 cirea
668 3573 965 3660 dommum,
980 3591 1124 3662 quorum

83 3699 238 3791 spatium
256 3699 398 3766 maxime
417 3694 641 3778 desiderabat,
661 3690 734 3789 [ut]
755 3689 880 3760 bellicis
897 3687 1058 3757 machinis
1076 3683 1123 3752 la·

79 3817 256 3886 befactata
276 3829 376 3909 atque
396 3813 597 3883 inflammata
613 3813 695 3895 sint,
715 3807 805 3903 quod
822 3831 918 3876 saxeo
934 3828 1031 3873 muro
1044 3827 1123 3870 con·

77 3951 219 4005 stmcta
239 3949 344 4004 eram.
373 3937 437 4003 Per
463 3957 519 4002 sex
546 3932 615 4002 dies
638 3946 828 4026 septemque
846 3939 957 3994 noctes
974 3945 1012 3990 ea
1031 3919 1123 3990 clade

77 4057 244 4124 saevitum
255 4067 320 4143 est,
334 4053 377 4124 ad
388 4067 676 4122 monumentorum
689 4049 927 4138 bustorumque
939 4039 1124 4112 deversoria

75 4174 190 4269 plebe
207 4171 387 4268 compulsa.
405 4177 646 4266 Tunc,prreter
665 4171 861 4238 immensum
880 4183 1056 4232 numerum
1076 4160 1124 4226 in·

928 4305 979 4375 17·
