3168 5440
399 491 526 548 rumn
546 491 728 548 rnunnrn
750 491 853 548 vrrs.
1092 513 1146 566 ιο,

119 639 229 706 conus,
247 617 305 710 qui
323 641 342 685 e
360 617 516 688 Terentio
542 640 716 710 personam
741 630 932 706 mutuatur,
960 642 1033 711 quie
1057 617 1148 692 domi

117 728 233 808 timer
257 737 348 831 ipse,
368 737 504 809 nomine
521 733 611 809 illius
635 737 670 806 in
694 759 827 809 scenam
853 733 982 816 detulit·
999 768 1017 809 u
1034 740 1148 834 Ilepos

116 870 245 929 anctore
262 871 354 938 uerte
373 858 572 951 comperisse
584 881 619 926 se
634 858 699 944 nit,
715 859 753 928 C.
769 854 909 928 Laelitnn
928 857 1098 950 quondum
1114 861 1149 930 in

115 975 294 1056 Puteolano
313 975 462 1048 kalendis
482 978 609 1051 martiis
629 976 838 1054 admonitum
858 976 901 1054 eb
920 1001 1044 1062 usuro,
1064 993 1148 1054 tem-

114 1099 225 1191 porius
235 1111 274 1173 ut
281 1096 520 1186 discumberet,
539 1097 672 1192 petiisse
687 1095 792 1184 abeo,
806 1121 849 1174 ue
865 1095 1148 1190 interpellaretur:

115 1218 216 1298 serius
233 1217 367 1290 taudem
381 1216 567 1312 ingressum
584 1215 765 1288 triclinium
778 1215 914 1304 dixisse,
931 1241 998 1289 non
1017 1241 1101 1312 sepe
1113 1220 1149 1292 iu

114 1335 287 1426 scribendo
307 1338 411 1432 megis
438 1338 632 1408 successisse
661 1336 725 1408 sibi
746 1362 753 1405 :
777 1335 897 1407 deiude
918 1351 1093 1431 rogatum,
1113 1351 1150 1412 ut

113 1456 232 1550 scriptu
248 1453 306 1526 ille
324 1457 504 1552 proferret,
529 1457 767 1552 pronunciasse
787 1479 921 1544 versus,
941 1455 999 1548 qui
1020 1457 1150 1527 suntin

116 1577 489 1648 Heautontimorumeno
509 1601 517 1644 ε

186 1708 261 1768 Setis
277 1711 328 1785 pol
345 1720 480 1786 proterve
491 1729 537 1768 me
553 1711 618 1786 Syri
628 1710 774 1786 promissa
786 1711 842 1768 hnc
855 1711 1036 1768 induxerunt.

158 1837 218 1905 IV.
234 1835 354 1906 Snntm
362 1836 557 1906 Terentium
571 1836 752 1924 existimat,
767 1836 794 1904 si
812 1833 913 1904 modo
927 1833 1149 1906 inscribendo

113 1953 320 2050 adjutoribus
347 1954 547 2050 indiguerit,
564 1979 631 2023 non
652 1969 718 2025 tem
746 1955 900 2049 Scipione
922 1969 956 2024 et
979 1952 1082 2032 [sulio
1101 1956 1151 2024 uti

112 2075 275 2168 potuisse,
295 2075 354 2168 qui
378 2089 460 2144 tunc
483 2071 720 2144 adolescentuli
744 2073 853 2160 suere,
884 2098 983 2167 quem
1002 2071 1149 2168 Sulpicio

112 2191 229 2283 Gallo,
244 2192 379 2264 homine
398 2175 517 2280 docto,
539 2209 572 2263 et
589 2194 648 2287 qui
667 2191 898 2264 consularibus
915 2191 1001 2266 ludis
1017 2195 1151 2264 initium

113 2312 225 2383 soecrit
240 2311 427 2385 fabularum
441 2311 626 2384 dundurum
646 2339 655 2384 ε
675 2311 726 2384 vel
742 2315 786 2406 Q.
803 2313 906 2386 Fehio
926 2313 1100 2400 Labeone,
1119 2328 1153 2382 et

111 2434 157 2503 Μ.
169 2419 328 2528 Popillio,
338 2430 507 2504 consulari
521 2449 681 2530 utroque,
693 2458 731 2503 ac
746 2448 854 2529 poeta.
865 2433 945 2502 Ideo
963 2436 1073 2527 ipsum
1082 2431 1160 2502 non'

109 2553 247 2647 juvenes
263 2551 472 2648 designasse,
487 2556 545 2649 qui
562 2579 597 2628 se
614 2553 781 2648 adjuvisse
799 2553 1010 2640 dicerentur3
1029 2553 1086 2623 sed
1104 2556 1152 2622 vi-

111 2696 183 2760 ros,
202 2696 347 2767 quorum
366 2697 505 2768 operum
530 2689 563 2744 et
581 2674 616 2742 in
635 2672 747 2762 hello,
766 2687 799 2742 et
816 2673 851 2741 in
874 2673 965 2761 otio,
986 2673 1072 2742 etin
1092 2697 1150 2741 ne·

111 2792 203 2886 gotio
218 2790 366 2889 populus
384 2794 428 2861 sit
442 2807 606 2888 expertus.
627 2796 708 2862 Post
724 2791 829 2864 editus
850 2791 1047 2879 comoedies,
1066 2816 1150 2860 non·

110 2909 192 2980 dum
210 2913 365 3006 quintum
380 2926 480 3008 atque
498 2913 703 2982 tricesimum
724 2935 873 3010 egressus
892 2936 1034 3001 annum,
1052 2936 1150 2981 cause

110 3031 273 3101 evitnndae
285 3032 469 3128 opinionis,
483 3033 563 3126 quio
577 3031 752 3102 videbatur
767 3029 873 3106 aliena
887 3056 949 3126 pro
958 3033 1031 3102 suis
1043 3029 1151 3121 cdere,

110 3175 169 3220 seu
197 3152 404 3247 percipiendi
428 3154 624 3226 Graecorum
654 3154 822 3240 instituta,
851 3177 1043 3246 moresque,
1068 3177 1152 3246 quos

110 3270 252 3362 perinde
271 3274 469 3366 exprimeret
487 3274 522 3342 in
543 3273 687 3368 scriptis,
704 3297 853 3367 egressus
873 3273 996 3345 Urbem
1011 3288 1075 3360 est,
1093 3297 1152 3348 ue·

109 3413 177 3482 que
192 3389 337 3486 amplius
353 3391 462 3462 rediit
481 3395 534 3464 De
549 3406 656 3462 morte
674 3393 746 3487 ejus
764 3391 935 3464 Volcatius
957 3393 1058 3464 tradit
1080 3418 1087 3460 ι

248 3535 306 3593 Sed
318 3546 349 3592 nt
362 3537 433 3594 Afer
446 3555 496 3594 sex
508 3539 619 3612 populo
639 3535 729 3594 edidit
748 3537 918 3606 comoedias,

246 3629 305 3686 lter
316 3628 384 3686 hinc
395 3630 427 3686 in
442 3630 539 3686 Arium
554 3629 628 3686 fecit.
642 3631 744 3686 Navim
762 3648 849 3705 mum
861 3631 948 3686 semel

247 3723 436 3796 Conscendit,
449 3722 525 3779 visus
544 3740 691 3796 nunqnam
710 3732 762 3779 cst,
778 3723 824 3780 Sic
843 3723 900 3780 viu
914 3733 1003 3779 vacat.

161 3849 202 3918 V.
223 3849 268 3939 Q
278 3849 462 3920 Cosconius
480 3848 672 3918 redeuntem
692 3851 851 3919 eGraecie
871 3852 995 3944 perisse
1016 3852 1050 3919 in
1069 3852 1150 3918 mari

108 3965 194 4037 dicit
204 3993 283 4039 cum
300 3983 434 4055 centum
447 3984 479 4038 et
493 3984 569 4040 octo
587 3967 724 4059 fabulis,
740 3971 908 4038 conversis
922 3994 942 4038 e
955 3968 1152 4038 Menandro.

109 4090 247 4177 Ceteri,
265 4105 436 4160 mortuum
450 4117 519 4161 esse
537 4093 571 4159 in
590 4090 738 4161 Arcadiae
755 4089 972 4186 Stynrphulo‚
988 4093 1056 4160 sive
1071 4096 1153 4162 Leu-
