3098 5446
475 543 746 602 VESPASIANUS.
1101 551 1135 610 [μ

96 665 225 761 pridem
243 667 307 738 sibi
324 692 386 764 per
405 668 477 739 haec
500 684 632 740 ostenta
650 684 860 766 conceptam.
882 673 923 739 In
945 670 1138 740 suburbano

95 787 289 858 Flauiorum
305 813 448 882 quercus
464 791 625 886 antiqua,
641 815 716 885 que
734 805 807 885 erat
823 791 926 860 Marti
948 815 1057 877 sacra,
1076 813 1135 885 per

94 921 161 977 tres
177 910 345 1004 Vespasiae
364 924 501 1006 partus,
520 910 672 1008 singulos
691 925 829 1007 repente
850 935 997 981 ramosa
1017 910 1137 980 frutice

96 1027 210 1119 dedit,
228 1029 319 1100 haud
334 1030 436 1102 dubia
452 1032 546 1128 signa
565 1031 670 1102 loturi
689 1033 851 1127 cujusque
870 1031 930 1102 lati
950 1058 958 1100 ι
975 1033 1139 1127 primum,

93 1148 211 1219 exilem
230 1165 265 1220 et
284 1152 351 1220 cito
368 1151 567 1242 arefactum3
588 1152 731 1248 ideoque
754 1151 864 1249 puella
887 1167 966 1222 nata
991 1177 1139 1248 nonpe-

93 1270 251 1340 ranonvit
271 1296 280 1340 t
299 1271 503 1360 secundum,
523 1273 741 1370 praevalidum
763 1299 802 1345 ac
823 1273 1007 1369 prolixum,
1031 1276 1137 1368 etqui

93 1415 250 1485 magnam
260 1391 451 1464 felicitatem
460 1395 676 1490 portenderet
690 1398 847 1468 :tertium
861 1420 953 1484 vero,
966 1397 1075 1466 instar.
1086 1419 1140 1464 ar·

93 1511 195 1584 boris.
217 1516 334 1603 Quare
347 1531 477 1610 patrem
492 1517 655 1588 Sabinum
665 1518 790 1608 ferunt,
798 1517 989 1612 haruspicio
999 1518 1137 1612 insuper

92 1633 354 1725 confirmatum,
372 1639 586 1711 renunciasse
599 1641 715 1726 matri,
735 1654 916 1734 «nepotem
932 1640 961 1707 ei
976 1641 1139 1708 Caesarem

91 1756 262 1848 genitum:
271 1787 290 1822 o
303 1782 365 1827 nec
378 1756 470 1829 illam
482 1760 662 1854 quicquam
675 1758 784 1850 aliud,
796 1785 898 1855 quam
912 1759 1140 1848 cachinnasse,

92 1877 293 1967 mirantem,
321 1907 338 1943 α
358 1878 454 1980 quod
469 1879 580 1950 adhuc
605 1905 641 1951 se
662 1883 784 1976 mentis
803 1872 968 1976 compole
985 1879 1140 1949 deliraret

92 1999 162 2092 jam
181 1995 272 2068 filius
291 2025 382 2070 suus.
398 2029 416 2066 r
445 2003 545 2088 Mon,
564 2019 671 2096 quum
693 2001 823 2073 aedilem
851 2027 929 2072 eum
956 2004 996 2072 C.
1012 2004 1141 2089 Caesar,

91 2143 295 2190 saonensem
324 2111 440 2190 curam
464 2121 635 2191 verrendis
662 2123 724 2192 viis
748 2147 818 2192 non
838 2121 1043 2209 adhibitam,
1067 2119 1140 2190 loto

89 2241 246 2333 jussisset
268 2239 415 2338 oppleri,
443 2257 600 2338 congesto
623 2268 684 2340 per
703 2242 826 2313 milites
855 2244 891 2312 in
914 2254 1079 2337 pretextae
1096 2242 1143 2312 si-

94 2386 201 2448 num,
216 2387 285 2432 non
305 2361 500 2453 defuerunt,
525 2365 584 2458 qui
608 2364 919 2459 interpretarentur.
941 2363 1143 2459 quandoque

91 2482 325 2578 proculcatam
338 2484 571 2580 desertamque
582 2485 823 2580 rempublicam
837 2483 930 2555 civih
944 2483 1054 2578 aliqua
1068 2509 1144 2580 per·

90 2605 288 2674 turbatione
312 2607 348 2675 in
372 2605 512 2676 tutelam
538 2607 630 2702 ejus,
648 2631 687 2677 ac
705 2605 797 2676 velut
815 2607 850 2674 in
876 2607 1057 2701 gremium,
1082 2605 1142 2676 de-

87 2740 281 2796 venturam.
309 2725 499 2797 Prandente
524 2751 565 2796 eo
592 2727 785 2822 quondam,
799 2727 906 2795 canis
931 2727 1096 2794 extrarius
1123 2749 1142 2794 c

86 2848 194 2916 trivio
224 2871 361 2918 manum
388 2848 570 2918 humanam
599 2846 735 2937 intulit,
767 2870 956 2942 menseque
988 2845 1140 2940 subjecit.

85 2972 258 3040 Coenante
277 2993 413 3054 rursus,
433 2968 495 3039 bos
519 2983 642 3057 arator,
667 2969 805 3038 decusso
825 2967 930 3063 jugo,
956 2965 1141 3040 triclinium

83 3089 236 3184 irrupit,
264 3113 303 3159 ae
327 3088 452 3184 fugatis
469 3091 654 3178 ministris,
679 3090 775 3184 quasi
804 3103 943 3182 repente
971 3086 1139 3178 defessus,

82 3209 240 3305 procidit
256 3208 300 3280 ad
318 3210 409 3304 ipsos
423 3209 651 3280 accumbentis
670 3209 789 3304 pedes,
807 3210 1039 3303 cervicemque
1055 3232 1145 3278 sum-

82 3332 194 3402 misit.
211 3331 322 3402 Arbor
334 3355 471 3425 quoque
488 3355 666 3426 cupressus
680 3332 714 3400 in
732 3355 815 3427 agro
830 3332 921 3400 auito
937 3320 1096 3402 sine'ulla
1108 3332 1142 3400 vi
1284 3404 1289 3411 ,

79 3451 302 3548 tempestatis
321 3449 436 3520 evulsa
453 3450 614 3520 radicitus
632 3466 733 3544 atque
750 3466 937 3545 prostrata,
952 3451 1141 3545 insequenti

77 3573 144 3642 die
157 3570 299 3642 viridior
320 3596 359 3641 ac
383 3571 513 3640 firmior
534 3572 725 3640 resurrexit.
744 3575 789 3642 ht
807 3573 842 3640 in
858 3571 987 3642 Achaia
999 3574 1143 3641 somnia·

77 3697 159 3782 vit,
186 3693 321 3762 initium
346 3693 408 3762 sibi
427 3689 752 3787 suisquefelieitatis
772 3691 944 3781 ficturum,
975 3692 1072 3762 simul
1099 3719 1139 3763 ac

74 3817 174 3885 dens
191 3815 322 3885 Neroni
341 3828 490 3883 exemtus
510 3829 622 3884 esset:
644 3815 842 3908 evenitque,
863 3828 901 3882 ut
917 3815 1069 3907 sequenti
1088 3813 1143 3883 die

72 3959 290 4034 progressus
318 3936 354 4004 in
384 3935 507 4004 atrium
535 3933 684 4005 medicus
715 3935 849 4006 dentem
875 3935 905 4002 ei
933 3933 1143 4025 ostenderet,

72 4071 225 4126 tantum
242 4053 332 4150 quod
351 4070 534 4126 exemtum.
554 4055 655 4150 Apud
671 4053 820 4126 Judaeam
835 4053 981 4126 Carmeli
999 4054 1053 4124 dei
1064 4081 1142 4126 ora·

71 4177 206 4248 culum
225 4175 453 4248 consulentem
465 4178 511 4246 ita
524 4175 763 4246 confirmavere
774 4190 897 4264 sortes,
911 4190 968 4265 ut,
982 4175 1143 4271 quicquid
