3114 5446
511 516 708 608 mucuns.
1071 519 1124 579 185

104 637 274 710 studiosius
292 637 445 732 plausum
461 613 565 728 esset,
582 643 630 710 ita
644 667 679 710 se
696 645 861 738 proripuit
877 669 897 714 e
914 643 1123 740 spectaculis,

103 774 154 841 ut,
171 757 299 826 calcata
318 757 437 826 lacinia
457 773 560 852 togae,
578 785 722 856 praeceps
745 787 805 856 per
824 762 947 858 gradus
967 763 1049 852 iret,
1071 765 1123 832 in·

102 875 331 971 dignabundus
353 891 387 946 et
405 876 595 966 clamitans,
614 909 630 946 c
646 879 817 950 dominum
837 884 986 977 gentium
1014 907 1123 977 popu-

102 994 165 1064 lum
181 1021 223 1064 ex
238 995 452 1066 relerissima
470 996 543 1091 plus
559 998 696 1068 honoris
712 998 886 1094 gladiatori
902 1003 1124 1090 tribuentem,

103 1137 196 1206 quam
218 1115 415 1184 consecratis
432 1117 653 1210 principibus,
672 1133 731 1187 eut
746 1121 899 1214 praesenti
918 1119 1022 1188 sibi.»

144 1235 301 1302 XXXVI.
320 1233 490 1304 Pudicitiae
504 1259 610 1329 neque
622 1259 706 1324 sues,
719 1261 826 1331 neque
841 1237 955 1308 aliena
967 1238 1122 1332 pepercit.
1225 1229 1229 1238 ¹

103 1353 145 1418 Μ.
166 1351 352 1444 Lepidum,
366 1355 567 1422 Mnesterem
580 1357 841 1448 pantomimum,
858 1353 1019 1448 quosdam
1036 1355 1125 1424 obsi·

103 1469 154 1546 des
170 1469 322 1540 dilexisse
342 1469 460 1559 fertur,
479 1475 677 1542 commercio
698 1475 805 1544 mutui
829 1477 946 1568 stupri.
967 1473 1122 1546 Valerius

103 1586 267 1670 Catullus,
285 1587 449 1658 consulari
466 1589 589 1659 familia
604 1592 753 1683 juvenis,
772 1607 957 1685 stupratum
977 1617 996 1662 a
1014 1616 1067 1682 se,
1085 1617 1124 1663 ac

103 1705 198 1776 latera
223 1707 287 1778 sibi
306 1708 523 1776 coutubernio
543 1710 614 1802 ejus
635 1709 782 1798 defessa,
806 1711 906 1779 etiam
928 1711 1124 1780 vociferatus

103 1841 155 1894 est
178 1829 289 1920 Super
311 1851 462 1897 sororum
482 1829 627 1915 incesta,
653 1843 686 1898 et
708 1831 912 1898 notissimum
939 1832 1124 1923 prostitutae
1212 1883 1215 1890 .

102 1944 271 2038 Pyrallidis
292 1971 457 2034 amorem,
478 1965 546 2014 nou
571 1961 694 2016 temere
713 1946 780 2016 ulla
801 1946 981 2016 illustriore
1002 1947 1124 2016 femina

103 2063 280 2134 abstinuit:
298 2089 378 2158 quas
401 2064 597 2158 plerumque
615 2090 690 2134 cum
712 2068 837 2134 maritis
858 2066 900 2134 ad
919 2091 1045 2136 coenam
1065 2091 1123 2136 vo·

102 2197 205 2270 caus,
227 2197 412 2276 praeterque
430 2183 529 2276 pedes
551 2208 627 2252 suos
648 2199 871 2273 transeuntes,
891 2184 1065 2280 diligenter
1085 2209 1123 2254 ac

102 2299 204 2390 lente,
229 2303 447 2370 mercantium
475 2327 589 2388 more,
614 2303 862 2391 considerabat;
885 2305 984 2372 etiam
1006 2304 1121 2372 sociem

101 2445 196 2489 manu
221 2419 390 2506 allevans,
410 2421 437 2489 si
460 2445 533 2513 quae
557 2420 685 2515 pudore
714 2424 964 2492 summitterent.
984 2425 1122 2511 Quoties

102 2539 214 2608 deinde
236 2537 401 2626 libuisset,
422 2563 569 2635 egressus
589 2539 749 2628 triclinio,
769 2567 871 2634 quum
892 2543 1034 2610 maxime
1051 2540 1122 2635 pla·

102 2659 193 2726 citam
213 2672 414 2746 sevooasset,
431 2657 636 2752 paulopost,
655 2659 840 2727 recentibus
857 2658 965 2727 adbuc
981 2657 1121 2728 lascivias

100 2779 197 2863 notis,
224 2801 373 2846 reversus
398 2775 451 2844 vel
474 2775 630 2845 laudabat
658 2774 790 2870 palam,
812 2775 864 2846 vel
889 2778 1120 2870 vituperabat;

100 2897 224 2992 singula
238 2921 437 2966 enumerans
453 2897 541 2965 bona
559 2895 686 2966 malave
703 2899 869 2991 corporis,
885 2913 984 2991 atque
999 2923 1122 2968 concu-

98 3017 193 3086 bitus.
208 3014 435 3106 Quibusdam,
449 3016 631 3084 absentium
649 3017 843 3085 maritorum
860 3018 1006 3105 nomine,
1021 3043 1122 3112 repu-

100 3137 183 3206 dium
203 3139 275 3230 ipse
292 3137 399 3222 misit,
413 3135 575 3228 jussitque
592 3137 626 3202 in
645 3148 717 3203 acta
737 3137 782 3203 ita
798 3135 922 3205 referri

142 3245 318 3326 XXXVII.
339 3255 524 3347 Nepotatus
547 3253 709 3322 sumtibus
735 3257 883 3322 omnium
906 3254 1121 3351 prodigorum

97 3375 227 3468 ingenia
244 3374 428 3466 superavit,
443 3387 648 3441 commentus
664 3396 788 3440 novum
804 3371 994 3441 balnearum
1012 3399 1122 3459 usum,

97 3493 379 3585 portentosissima
393 3515 513 3586 genera
530 3491 679 3560 ciborum
698 3505 799 3584 atque
813 3515 977 3560 coenarum
993 3516 1001 3559 ε
1017 3507 1055 3560 ut
1069 3517 1123 3560 ca·

96 3609 170 3680 lidis
183 3610 381 3706 frigidisque
395 3610 573 3703 unguentis
587 3608 762 3697 lavaretur,
775 3609 1021 3702 pretiosissimas
1035 3635 1123 3680 mar·

95 3733 218 3823 garitae
229 3744 326 3799 aceto
337 3727 528 3822 liquefactas
542 3729 702 3814 sorberet,
717 3729 862 3796 convivis
874 3753 914 3796 ex
928 3751 1009 3797 auro
1021 3753 1122 3822 panes

94 3863 128 3916 et
151 3851 289 3944 opsonia
312 3863 513 3942 opponeret,
533 3862 622 3917 aaut
641 3847 729 3941 frugi
746 3847 915 3916 hominem
935 3871 1004 3918 esse
1022 3873 1121 3942 opor·

93 3985 186 4054 tere,
208 3968 384 4053 dictitans,
407 3980 465 4035 aut
485 3968 690 4035 Caesarem.»
711 3966 802 4054 Quin
824 3980 857 4034 et
878 3989 1029 4035 nummos
1052 3991 1122 4038 nou
1191 4053 1193 4061 J

93 4087 274 4156 mediocris
292 4109 430 4154 summae
448 4109 466 4152 e
489 4061 619 4178 fastigio
639 4082 781 4153 basilicae
799 4084 892 4153 Juliae
915 4109 976 4179 per
996 4084 1122 4180 aliquot
