3108 5434
402 511 457 572 til.
794 495 824 549 C.
845 493 1019 549 suumun

397 631 529 702 Tiberio
541 629 583 699 ad
595 627 795 698 destinatum
808 621 917 692 locum
928 619 1109 690 contendit.
1123 619 1186 690 Sed
1200 624 1235 690 iu
1248 621 1434 710 redeundo,

399 741 579 846 'aggravata
594 744 802 832 valetudine,
819 741 952 813 landun
968 738 1063 812 Nolae
1083 742 1280 811 succubuit:
1298 767 1435 813 revoca·

399 885 585 964 tumqueex
596 868 714 937 itinere
722 865 892 934 Tiberium
906 861 963 930 diu
977 875 1105 931 secreto
1114 885 1264 930 sermone
1271 861 1435 950 detinuit,

399 1013 508 1081 neque
528 1001 602 1083 post
622 983 683 1056 ulli
700 985 818 1078 majori
836 982 970 1076 negotio
991 981 1138 1049 animum
1161 979 1432 1050 accommodavit.

445 1110 567 1180 xcix.
587 1109 750 1200 Supremo
766 1104 838 1191 die,
858 1099 1036 1170 identidem
1054 1102 1228 1194 exquirens
1246 1125 1289 1170 an
1304 1103 1373 1196 jam
1392 1103 1437 1170 de

398 1255 432 1300 se
459 1225 621 1298 tumultus
645 1225 725 1294 loris
750 1239 854 1311 esset,
882 1222 986 1317 petito
1012 1219 1161 1316 spiculo,
1186 1219 1342 1316 capillum
1368 1223 1434 1291 sibi

396 1349 502 1437 comi,
519 1373 558 1418 ac
580 1344 680 1416 malas
698 1343 847 1414 labentes
866 1343 1006 1436 corrigi,
1024 1341 1189 1436 praecepit.
1209 1343 1252 1410 Et
1274 1339 1436 1410 admissos

397 1471 520 1540 amicos
537 1477 770 1562 percontatus,
788 1461 943 1557 «Ecquid
963 1463 1002 1531 iis
1019 1461 1188 1530 videretur
1205 1462 1341 1530 mimum
1358 1463 1437 1528 vitae

398 1585 571 1660 commode
587 1583 824 1680 trausegisse,»
840 1582 961 1678 adjecit
977 1596 1010 1652 et
1026 1579 1208 1652 clausulam
1227 1606 1235 1649 ε

496 1787 530 1848 El
549 1785 584 1848 ll
601 1787 660 1846 aar
677 1781 745 1864 lxm
761 1781 871 1854 uteie,
888 1781 931 1858 τῷ·
943 1779 1072 1864 euryalo

400 2054 564 2128 Omnibus
583 2051 702 2122 deinde
718 2051 875 2141 dimissis,
894 2050 976 2122 dum
995 2049 1204 2121 advenientes
1221 2053 1263 2120 ab
1280 2053 1372 2123 Urbe
1391 2053 1435 2122 de

401 2175 503 2248 Drusi
520 2171 588 2244 lilia
604 2197 692 2268 segra
709 2173 907 2266 interrogat,
926 2185 1061 2266 repente
1078 2172 1112 2240 in
1129 2169 1248 2242 osculis
1264 2171 1381 2261 Livias,
1400 2189 1435 2242 et

400 2296 436 2365 in
450 2294 513 2363 bac
526 2317 607 2362 voce
620 2290 739 2360 defecit
752 2316 760 2360 :
775 2320 793 2356 e
802 2290 913 2378 Livia,
928 2291 1033 2360 nostri
1047 2292 1191 2386 conjugii
1205 2315 1331 2361 memor
1345 2294 1436 2376 vive,

402 2439 440 2484 ac
466 2410 580 2499 vale3a
605 2409 741 2480 sortitus
766 2410 892 2484 exitum
918 2407 1064 2498 facilen,
1091 2425 1125 2479 et
1149 2408 1278 2504 qualem
1306 2435 1441 2505 semper

403 2545 586 2626 optaverat.
613 2531 701 2600 Nam
728 2528 814 2618 fere,
838 2529 970 2623 quoties
994 2528 1159 2632 audisset,
1186 2531 1252 2599 cito
1278 2555 1317 2599 ao
1341 2529 1438 2599 nullo

402 2653 550 2721 cruciatu
571 2649 765 2719 defunctum
782 2649 991 2744 quempiam,
1010 2650 1072 2718 sibi
1093 2663 1126 2718 et
1149 2651 1216 2719 suis
1237 2645 1441 2721 εὖθανασίαν

404 2769 540 2840 similem
566 2770 654 2864 (hoc
677 2770 766 2838 enim
792 2781 825 2836 et
852 2767 954 2838 verbo
980 2770 1030 2838 uti
1056 2767 1202 2866 solebat)
1227 2770 1436 2864 peccabatur.

404 2893 518 2960 Unum
538 2890 675 2958 omnino
699 2903 777 2956 ante
800 2887 943 2956 efflatam
967 2889 1112 2958 animam
1136 2891 1265 2984 signum
1288 2888 1442 2958 alienatae

405 3007 524 3076 mentis
540 3005 701 3093 ostendit,
715 3005 821 3100 quod,
837 3007 947 3076 subito
961 3007 1166 3102 pavefactus,
1182 3033 1202 3077 a
1217 3009 1440 3102 quadraginta

277 3153 279 3158 ·
406 3151 440 3196 sc
450 3125 627 3221 juvenibus
641 3123 763 3220 abripi,
780 3140 915 3219 questus
927 3141 985 3196 est.
998 3125 1038 3196 ld
1052 3152 1184 3222 quoque
1197 3128 1300 3223 magis
1315 3153 1441 3222 prresa·

405 3247 513 3342 gium,
533 3267 632 3338 quam
654 3245 774 3314 mentis
796 3243 995 3333 deminutio,
1015 3245 1096 3332 fuit3
1120 3245 1279 3339 siquidem
1300 3246 1443 3316 totidem

406 3363 525 3433 milites
542 3364 729 3457 praetoriani
746 3363 937 3432 extulerunt
957 3387 1033 3433 eum
1050 3365 1084 3433 in
1100 3363 1280 3460 publicum.

454 3484 493 3551 C.
523 3483 617 3552 Obiit
648 3484 682 3551 in
713 3481 868 3552 cubiculo
897 3481 1014 3552 eodem
1043 3507 1110 3576 quo
1139 3499 1233 3578 pater
1259 3484 1444 3576 octavius,

406 3601 537 3670 duobus
560 3601 687 3689 Sextis,
710 3601 869 3696 Pompeio
893 3615 926 3670 et
948 3599 1130 3697 Appuleio,
1151 3601 1356 3692 consulibus,
1381 3603 1445 3673 de-

407 3723 492 3790 cimo
520 3736 640 3816 quarto
670 3719 836 3792 Kalendas
867 3723 1089 3816 Septembris,
1119 3723 1201 3792 hora
1234 3723 1297 3793 diei
1328 3748 1447 3816 nona,

408 3845 647 3938 septuagesimo
669 3857 703 3912 et
724 3857 816 3912 sexto
838 3844 942 3912 aetatis
966 3869 1072 3934 aano,
1096 3843 1211 3914 diebus
1236 3845 1384 3938 quinque
1407 3861 1448 3915 et

407 3961 542 4056 triginta
559 3963 680 4032 minus.
699 3967 830 4058 Corpus
852 3963 1044 4032 decuriones
1063 3963 1317 4058 municipiorum
1332 3977 1367 4032 et
1384 3989 1448 4032 co-

409 4075 571 4149 loniarum
592 4105 611 4148 a
631 4080 717 4150 Nola
738 4079 880 4150 Bovillas
901 4105 1004 4174 usque
1025 4079 1243 4175 deportarunt
1265 4081 1463 4183 noctibus,¹
