3208 5430
461 467 503 519 tn*
524 463 800 520 VESPASIANUM.

431 722 479 788 ΙΝ
504 721 829 789 VESPASIANUM.

157 1003 250 1056 curor
260 999 282 1052 1.
294 999 434 1052 Reatinus.
452 998 488 1050 Η.
506 1015 530 1050 e.
546 997 683 1051 oriundus
698 997 892 1074 Ileatc,quod
907 1009 965 1054 erat
979 999 1150 1054 Sabinorum

116 1095 265 1166 oppidum.
281 1092 322 1148 Cb
338 1092 498 1156 Srnuson„
513 1108 539 1155 v,
553 1107 582 1160 p.
601 1088 665 1158 157,
680 1087 837 1142 etcsmm.
847 1130 854 1158 ,
866 1091 965 1165 Geogr.
975 1093 1057 1155 Ant„
1067 1107 1151 1161 n,9,

116 1186 225 1260 1277ss-

158 1281 306 1335 Evocatus.
324 1280 427 1336 Iisdem
439 1276 601 1332 honoribus
620 1272 771 1326 utebantur
787 1273 909 1342 evocati,
926 1279 1031 1354 quibus
1049 1289 1150 1334 centu-

118 1371 221 1425 riones.
238 1373 279 1426 Cf.
298 1373 397 1436 calb„
413 1390 440 1426 x.
738 1431 741 1440 ,

159 1465 316 1518 Factitavit.
336 1466 370 1519 11.
387 1482 410 1518 e.
434 1461 488 1516 fuit
510 1472 624 1514 coactor
635 1465 816 1536 argentarius
836 1473 945 1518 :erant
969 1475 1062 1520 autem
1084 1483 1152 1518 eoa-

118 1565 205 1606 etorcs
228 1556 400 1626 argentarii,
423 1553 473 1626 qui
499 1551 634 1623 pecunias
655 1551 683 1606 in
706 1554 885 1609 auctionibus
906 1556 1054 1630 cogebant.
1079 1554 1152 1608 Vide

120 1645 219 1698 Neron.
225 1665 270 1714 ,v.

159 1739 332 1793 Publicum...
354 1739 418 1812 egit.
437 1738 471 1791 Η.
493 1757 516 1792 e.
542 1737 708 1810 procuravit
727 1738 842 1793 nomine
861 1738 1000 1793 societatis
1022 1735 1152 1812 publica—

120 1847 234 1883 norum.

164 1921 251 1974 Urbis.
272 1921 429 1991 Plutarch,
452 1921 481 1976 in
504 1922 624 1989 othon,
643 1939 672 1994 p.
702 1922 776 1978 1068
797 1941 804 1976 :
827 1936 875 1989 Τῆς
896 1925 927 1980 tt
952 1918 1037 1998 ῥώμης
1057 1931 1154 1998 φύλακα

118 2021 230 2071 stratio
246 2019 347 2072 Σαῧὶνον
363 2017 466 2091 ἀδελφὸν
481 2025 669 2073 Οὐεσπασιανοῦ
681 2025 832 2076 κατέστησεν
852 2011 920 2086 (wib
937 2011 1033 2086 (ΜΟ).

161 2105 282 2158 Nursioe.
299 2103 371 2160 Vide
385 2108 472 2178 Aug„
490 2124 545 2159 xn.

160 2195 338 2266 Proesectum.
350 2197 438 2268 Cujus
454 2197 654 2270 occupationes
671 2197 772 2252 edocet
781 2198 893 2270 Veget,
906 2213 947 2266 ιι,
958 2213 1001 2251 ιο.
1011 2193 1053 2248 Ci.
1064 2193 1155 2263 Ltus,

122 2289 240 2342 Excurs.
256 2289 285 2342 in
302 2289 388 2343 Tacit.
402 2292 526 2355 Amal,
544 2309 574 2358 ι,
594 2307 639 2344 uo.

165 2381 331 2454 operarum.
341 2382 537 2454 —Mancipes
551 2399 701 2454 operarum
716 2391 809 2447 erant,
823 2380 874 2452 qui
889 2397 990 2452 operas
1008 2378 1068 2434 illas
1083 2398 1155 2434 con-

120 2471 277 2538 ducebant,
293 2482 320 2525 et
335 2472 436 2542 majori
450 2471 596 2539 mercede,
611 2490 696 2546 quam
708 2471 763 2544 ipsi
778 2469 934 2538 dederant,
948 2472 1157 2543 possessoribus

120 2579 253 2635 agrorum
273 2563 428 2618 elocabant.

162 2655 226 2710 Cer.
243 2655 280 2708 ll.
299 2655 468 2710 Consulibus.
484 2657 517 2710 Α.
532 2657 567 2712 U.
585 2655 650 2724 762.

165 2746 289 2800 Cosanis.
311 2748 344 2801 In
370 2747 491 2802 Etruria.
513 2747 555 2802 Cf.
579 2748 738 2815 sumom,
761 2767 788 2816 v,
810 2767 839 2822 p.
868 2746 936 2816 156,
961 2757 988 2802 et
1011 2749 1156 2818 (luuram,

122 2839 186 2892 Ital.
202 2841 283 2904 Ant,
299 2857 337 2906 n,
359 2855 392 2906 a,
408 2856 455 2892 αι.

164 2930 349 2985 Sollemm'bus
362 2929 500 3002 assertis
515 2933 550 2986 Η.
566 2951 590 2986 e.
605 2931 737 3004 privatim
750 2933 794 2987 vel
809 2933 925 3005 publice
939 2933 1130 2990 sollemnibus.

163 3023 282 3096 Adepto.
293 3021 432 3076 Nimirum
446 3022 533 3078 frater
546 3022 685 3080 beneficio
698 3024 835 3098 principis
844 3015 990 3099 acceperat
1002 3013 1158 3081 latum'cla·

125 3132 210 3182 vum,
225 3115 354 3186 quamvis
369 3117 388 3168 e'
397 3116 635 3188 gentesenatoria
648 3133 707 3170 non
721 3111 809 3171 ortus.

164 3205 424 3260 Anteambulonem.
443 3206 516 3275 Quia
526 3225 591 3261 cum
604 3206 690 3262 fratre
708 3219 887 3280 pretextato,
902 3219 929 3263 et
943 3208 1098 3278 laticlario,
1115 3211 1159 3263 al-

122 3299 208 3354 batus
223 3298 332 3352 solebat
346 3315 413 3352 esse.
434 3300 525 3372 Reges
541 3310 633 3353 autem
656 3299 709 3372 ipsi
731 3300 887 3372 pretextati
901 3304 1014 3369 Romae;
1033 3301 1160 3356 clientuli

123 3389 183 3444 sive
197 3390 426 3444 anteambulones
444 3390 486 3444 illi
502 3391 596 3446 albati.
612 3392 748 3460 Martini„
764 3411 800 3459 ιι,
823 3393 873 3464 ιδ,
890 3391 906 3447 5
926 3412 932 3445 :

230 3543 287 3589 Sum
302 3557 379 3592 comes
393 3541 443 3608 ipsc
457 3551 523 3602 tuus,
538 3542 669 3608 tumidique
683 3543 834 3593 anteambulo
848 3545 917 3610 regis.

165 3687 304 3758 Sextoque
313 3689 381 3740 loco.
397 3687 431 3740 ll.
445 3704 470 3741 e.
485 3685 600 3741 ultimus
614 3687 795 3742 renunciatus
810 3699 858 3743 est.
873 3689 1053 3743 DocenteCl.
1067 3687 1159 3755 Hase,

126 3777 242 3833 aedilitas
261 3777 384 3850 pertinet
405 3778 441 3832 ad
459 3797 523 3833 ann.
541 3797 612 3852 79¹3
626 3787 747 3852 praetura
762 3779 799 3835 ad
813 3798 877 3834 ann.
901 3797 967 3854 79².
987 3779 1073 3834 Istam
1090 3795 1160 3833 vero

127 3868 314 3942 Oudendorp.
334 3887 398 3924 ann.
415 3872 471 3942 793
487 3870 595 3925 tribuit.

170 3959 390 4028 conjuratorum.
399 3962 464 4016 Scil.
474 3962 573 4035 Lepidi
589 3973 615 4016 et
633 3963 776 4030 Gaetulici,
786 3981 858 4037 quos
871 3973 963 4019 morte
976 3961 1051 4019 affici
1063 3965 1160 4036 jusse-

127 4060 172 4104 rat
189 4050 281 4106 Caius.
295 4052 336 4108 Cf.
354 4055 484 4122 Jossrn„
502 4059 565 4108 Ant.
580 4056 662 4122 Iud,
682 4073 746 4120 xix,
765 4072 793 4124 ι,
808 4057 1034 4124 etDrou.,r.1x,
1050 4073 1079 4128 p.
1095 4054 1159 4126 657.
