3168 5440
506 463 757 520 nonrrnuus.
1115 483 1149 536 ς,

38 601 40 604 ’
119 589 243 676 direxit,
259 602 295 656 ut
314 611 427 656 omnes
446 611 506 680 per
522 586 695 657 intervalla
715 587 897 682 digitorum
915 589 1066 660 innocue
1080 615 1153 660 errr-

118 709 235 780 derent.

158 832 233 900 XX.
253 828 418 900 Liberalia
445 829 554 900 studia
581 831 712 926 imperii
736 832 832 900 initio
852 830 1016 927 neglexit,
1035 858 1149 927 quani

117 977 210 1046 quam
229 948 444 1020 bibliothecas
468 951 622 1020 incendio
643 951 811 1021 absumtas
833 953 1076 1048 impensissime
1095 980 1149 1024 re-

117 1097 226 1167 parare
240 1087 402 1159 curasset,
415 1071 657 1166 exemplaribus
673 1071 820 1166 undique
834 1073 961 1167 petitis,
976 1074 1151 1169 missisque

115 1192 364 1279 Alexandriam,
392 1194 451 1287 qui
475 1191 700 1262 describerent
729 1192 1022 1288 emendarentque.
1051 1175 1151 1266 Nun-

114 1339 207 1408 quam
226 1328 336 1382 tamcn
354 1329 411 1398 aut
424 1313 586 1401 historiae,
604 1313 848 1382 carminibusue
866 1313 1056 1404 noscendis,
1070 1339 1152 1412 ope·

114 1459 179 1504 ram
197 1433 319 1518 ullam,
334 1449 393 1502 aut
411 1433 487 1502 stilo
507 1432 561 1502 vel
588 1435 771 1503 necessario
791 1433 893 1503 dedit.
910 1437 1034 1504 Praeter
1056 1459 1150 1506 com-

113 1556 286 1624 mentarios
309 1569 344 1623 et
366 1569 439 1624 acta
456 1554 581 1624 Tiberii
602 1555 741 1624 Caesaris
764 1551 848 1622 nihil
870 1552 1064 1624 lectitabat:
1085 1559 1153 1650 epi·

113 1675 224 1762 stolas,
240 1651 493 1769 orationesqire‚
509 1690 543 1744 et
558 1675 667 1744 edicta
682 1673 791 1744 alieno
809 1675 974 1746 formabat
991 1677 1150 1772 ingenio:

113 1799 271 1868 sermonis
281 1812 389 1866 tamen
407 1822 467 1866 nec
480 1793 687 1891 inelegantis,
697 1795 864 1865 dictorum
875 1796 1043 1868 interdum
1052 1800 1151 1868 etiam
1198 1845 1206 1856 ,

114 1918 318 1988 notabilium.
348 1916 559 2005 «vellem»
588 1917 713 2009 inquit,
741 1931 840 1986 stam
869 1916 1034 1988 formosus
1064 1942 1152 2004 esse,

114 2065 212 2134 qnam
235 2039 361 2109 Metius
385 2038 447 2107 sibi
466 2035 609 2104 videtur.
625 2065 641 2100 a
656 2040 700 2106 Et
718 2035 889 2130 cujusdam
910 2051 1026 2130 caput,
1044 2039 1151 2108 vacie-

115 2175 177 2230 tate
197 2157 310 2255 capilli
335 2155 537 2228 subrutilum
562 2171 597 2225 et
623 2158 801 2247 incanum,
818 2185 836 2221 a
849 2157 1018 2250 perfusam
1039 2160 1151 2228 nivem

19 2267 21 2276 ¹
113 2280 246 2350 mulso»
266 2279 358 2350 dixit.

157 2405 252 2472 xxl.
274 2399 539 2472 «Conditionem
553 2401 743 2494 principum
759 2399 978 2470 miserrimam
990 2429 1008 2466 s
1023 2403 1152 2490 aiebat,
1179 2461 1182 2468 .

112 2523 261 2617 aquibus
275 2519 316 2591 de
334 2521 564 2614 conjuratione
583 2533 753 2613 comperta
773 2544 841 2588 non
862 2519 1065 2610 crederetur,
1088 2511 1157 2590 nisi

75 2629 83 2642 ’
113 2643 268 2712 occisis.»
283 2641 425 2732 Quoties
437 2641 544 2708 otium
562 2653 669 2726 esset,
684 2637 755 2708 alea
773 2662 810 2708 se
828 2637 1033 2726 oblectabat,
1050 2641 1150 2710 etiam

111 2760 264 2857 profestis
280 2759 418 2848 diebus,
437 2760 676 2852 matutinisque
690 2758 781 2827 horis
798 2784 807 2827 ε
823 2783 862 2827 ac
876 2756 1007 2828 lavabat
1023 2758 1063 2827 de
1076 2759 1151 2846 die,

112 2881 361 2978 prandebatque
386 2878 429 2949 ad
448 2881 648 2968 satietatem,
671 2894 708 2948 ut
735 2867 803 2948 non
825 2895 948 2947 temere
970 2903 1069 2974 super
1089 2904 1152 2947 coe·

112 3028 211 3091 nam,
228 3015 346 3097 praeter
362 3000 550 3070 Matianum
570 2998 714 3088 malum,
730 3014 763 3069 et
776 2997 940 3068 modicam
957 2999 992 3068 in
1005 2997 1151 3094 ampulla

111 3121 340 3218 potiunculam
353 3135 509 3191 sumeret.
523 3120 772 3191 Conuiuabatur
785 3119 978 3214 frequenter
991 3145 1030 3188 ac
1045 3117 1152 3214 large,

111 3243 168 3312 sed
184 3268 278 3339 paene
292 3243 414 3337 raptim
432 3269 440 3309 :
460 3256 549 3311 certe
568 3266 633 3309 non
653 3239 740 3309 ultra
753 3238 831 3310 solis
847 3265 1021 3327 occasum,
1038 3265 1098 3310 nec
1115 3256 1153 3310 ut

108 3379 223 3459 postea
235 3337 514 3434 commissaretur.
530 3363 617 3432 Nam
632 3360 674 3430 ad
687 3341 805 3430 liorem
818 3362 926 3430 somni
945 3360 1028 3430 nihil
1043 3361 1151 3449 aliud,

108 3509 210 3578 quam
231 3483 321 3554 solus
337 3497 463 3553 secreto
481 3480 724 3551 deambulabat.

159 3609 271 3676 xxn.
288 3603 453 3674 Libidinis
470 3605 597 3688 nimiae,
617 3603 843 3673 assiduitatem
862 3604 1080 3692 concubitus,
1100 3629 1152 3673 ve·

108 3725 163 3795 lut
184 3726 425 3796 exercitationis
453 3748 577 3820 genus,
608 3723 796 3821 clinopalen
825 3723 974 3794 vocabat.
1003 3729 1150 3819 Eratque

107 3847 219 3936 sarna,
244 3847 339 3939 qnasi
359 3845 562 3915 concubinas
583 3845 654 3940 ipse
672 3842 871 3931 deuelleret,
887 3859 1082 3938 nataretque
1100 3846 1149 3912 in·

108 3983 166 4036 ter
182 3967 422 4064 uulgatissimas
448 3969 644 4036 meretrices.
665 3969 790 4039 Fratris
806 3964 909 4035 filiam
923 3965 1032 4035 adhuc
1052 3967 1150 4060 virgi-

108 4111 208 4176 nem,
236 4086 382 4157 oblatam
409 4089 443 4156 in
471 4089 721 4158 matrimonium
742 4089 822 4176 sibi,
845 4113 949 4182 quum
979 4086 1151 4158 devinctus
