3114 5446
482 571 485 574 .
504 517 704 574 CALIGULA.
1069 523 1121 580 stt

88 643 218 740 publico
241 640 342 737 epulo
367 665 520 726 servum,
541 641 586 710 ob
607 639 788 710 detractam
812 640 906 712 lectis
930 659 1122 739 argenteam

90 765 260 850 laminam,
275 759 423 832 carnifici
439 758 614 828 confestim
629 757 783 846 tradidit,
793 775 831 829 ut
846 761 1000 832 manibus
1015 764 1120 836 abaci·

90 886 148 972 sis,
164 897 269 976 atque
287 893 366 950 ante
384 893 498 974 pectus
514 903 533 947 e
553 877 641 948 collo
660 877 897 973 pendentibus,
915 882 1121 976 praecedente

92 1000 206 1088 titulo,
224 1001 284 1094 qui
302 1023 435 1070 causam
455 1023 560 1094 poenae
578 996 760 1088 indicaret,
780 1023 842 1093 per
862 1015 967 1076 coetus
982 1001 1121 1096 epulan·

94 1123 169 1190 tium
197 1117 514 1190 circumduceretur.
545 1115 787 1188 Mirmillonem
812 1141 831 1185 e
856 1115 957 1204 ludo,
983 1120 1123 1190 rudibus

93 1260 197 1310 secum
213 1239 421 1322 humentem,
434 1249 468 1304 et
480 1249 599 1330 sponte
613 1250 836 1329 prostratum,
852 1236 1002 1306 confodit
1015 1238 1124 1310 ferrea

93 1361 169 1444 sica,
185 1383 228 1428 ac
244 1379 338 1426 more
353 1357 517 1424 victorum
535 1377 610 1423 cnm
628 1353 736 1448 palma
752 1355 960 1442 discucurrit
975 1355 1121 1428 Admota

93 1476 248 1548 altaribus
264 1475 414 1560 victima,
428 1473 613 1544 succinctus
628 1497 791 1568 poparum
806 1473 937 1561 habitu,
954 1473 1042 1545 elato
1059 1476 1124 1546 alte

94 1595 231 1683 mileo,
248 1593 445 1665 cultrarium
464 1592 629 1662 mactavit.
646 1593 805 1661 Lautiore
823 1593 977 1662 convivio
995 1593 1122 1665 effusus

94 1715 197 1784 subito
217 1715 253 1781 in
279 1712 478 1797 cachinnos,
502 1707 714 1798 consulibus,
739 1711 796 1803 qui
813 1711 909 1804 juxta
929 1712 1121 1800 cubabant,
1217 1737 1221 1746 ·

95 1833 250 1926 quidnam
268 1830 410 1919 rideret,
427 1827 550 1900 blande
568 1830 791 1922 quaerentibus
806 1855 815 1898 ε
832 1857 849 1894 a
865 1829 976 1919 Quid,
994 1831 1124 1926 inquit,

95 1953 153 2020 nisi
172 1976 243 2021 uno
267 1974 342 2019 meo
367 1963 452 2018 nutu
472 1945 817 2043 jugulariutrumque
840 1963 987 2018 vestrum
1009 1952 1121 2021 statim

95 2069 209 2164 posse?
225 2100 244 2136 ι

137 2191 299 2260 XXXIII.
312 2190 404 2258 Inter
416 2187 526 2256 varios
538 2187 645 2280 jocos,
658 2211 764 2280 quum
780 2188 934 2258 assistens
949 2186 1126 2258 simulacro

96 2311 184 2378 Iovis
209 2306 361 2402 Apellam
385 2307 569 2401 tragoedum
589 2306 827 2394 consuluisset,
852 2322 928 2376 uter
948 2306 998 2376 illi
1018 2309 1125 2402 major

96 2428 272 2514 rideretur,
287 2439 496 2496 cunctantem
516 2424 654 2520 flagellis
674 2424 821 2513 discidit,
834 2424 1028 2496 collaudans
1044 2427 1124 2496 sub·

95 2547 168 2618 inde
182 2572 301 2617 vocem
319 2545 541 2641 deprecantis,
559 2545 652 2638 qnasi
673 2546 772 2614 etiam
789 2546 823 2612 in
840 2546 966 2639 gemitu
983 2545 1127 2640 praedul·

93 2690 173 2738 cem.
189 2666 333 2754 Quoties
352 2665 469 2734 uxoris
486 2661 538 2732 vel
556 2661 706 2732 amicula
726 2661 848 2732 collum
867 2661 1125 2752 exoscularetur,

94 2784 255 2872 addebat,
271 2814 289 2850 a
302 2787 385 2854 Tam
406 2783 495 2852 bona
515 2759 647 2868 cervix,
667 2780 764 2850 simul
788 2805 827 2849 ac
844 2781 995 2874 jussero,
1013 2781 1127 2852 deme·

94 2916 191 2974 tetur.
210 2935 227 2970 a
250 2904 347 2993 Quin
370 2915 405 2972 et
427 2899 567 2971 subinde
588 2899 762 2994 jactabat,
785 2931 803 2966 a
824 2901 1066 2994 exquisiturum
1091 2926 1127 2971 se

91 3021 142 3090 vel
161 3021 307 3092 fidiculis
330 3021 372 3090 de
390 3022 542 3092 Caesonia
564 3045 645 3108 sua,
663 3043 724 3089 cur
746 3044 819 3089 eam
841 3033 936 3088 tanto
956 3043 1058 3114 opere
1070 3000 1128 3090 'di-

92 3140 220 3236 ligeret
238 3171 256 3207 n

134 3263 299 3332 XXXIV.
317 3261 389 3330 Nec
406 3260 534 3328 minore
548 3257 652 3330 livore
665 3285 705 3328 ac
718 3258 945 3356 malignitate,
957 3283 1058 3354 quam
1075 3283 1129 3330 su·

88 3381 207 3474 perbia
228 3381 440 3473 saevitiaque,
459 3403 554 3474 paene
572 3379 729 3448 adversus
747 3381 855 3449 omnis
872 3381 932 3448 aevi
953 3380 1127 3448 hominum

89 3526 197 3594 genus
214 3515 383 3596 grassatus
401 3513 460 3568 est.
478 3502 611 3570 Statuas
623 3499 770 3568 virorum
788 3497 982 3587 illustrium,
1000 3499 1041 3566 ab
1060 3501 1128 3567 Au·

86 3636 191 3714 gusto
211 3645 253 3690 ex
269 3617 459 3712 Capitolina
477 3643 554 3688 area
572 3633 708 3714 propter
725 3620 894 3714 angustias
913 3620 948 3687 in
965 3617 1127 3687 Martium

85 3763 249 3834 campum
263 3737 417 3823 collatas,
433 3740 479 3808 ita
493 3739 656 3808 subvertit
668 3753 769 3832 atque
786 3737 932 3832 disjecit,
944 3749 982 3804 ut
997 3735 1128 3805 restitui

83 3858 189 3929 salvis
203 3858 310 3928 titulis
325 3883 395 3927 non
408 3859 597 3953 potuerint:
610 3859 782 3951 vetuitque
794 3857 932 3950 posthac
944 3855 1128 3924 viventium
1169 3941 1175 3959 ⁸

80 3979 249 4072 cuiquam
262 4001 402 4070 usquam
416 3991 557 4046 statuam
568 3990 627 4046 aut
641 3977 832 4070 imaginem,
848 3975 910 4042 nisi
927 3998 962 4042 se
976 3970 1130 4042 consulto

82 4112 115 4165 et
136 4113 301 4185 auctore,
315 4100 406 4192 poni.
419 4097 585 4192 Cogitavit
600 4098 699 4165 etiam
717 4095 758 4163 de
774 4095 910 4165 Homeri
927 4093 1130 4162 carminibus
