3168 5440
436 502 474 560 88
849 501 880 558 C.
898 503 1077 561 summm

435 621 614 724 multiplici
638 630 794 724 variaque
814 627 967 698 doctrina
989 629 1206 716 censebatur3
1227 629 1320 722 qnod
1345 652 1421 718 sane
1435 653 1462 697 et

436 751 686 820 commentariis
711 751 783 844 ejus
810 765 968 845 apparet,
994 773 1200 845 quamquam
1217 750 1405 844 pancissimi
1422 773 1463 818 ex·

435 885 552 940 stent:
576 871 617 940 de
641 895 786 964 qnorum
809 885 922 940 tamen
948 871 1045 964 copia
1073 871 1120 938 sic
1139 868 1243 939 altera
1264 869 1307 938 ad
1328 869 1464 939 eumden

435 995 595 1060 Hermam
616 989 755 1086 epistola
774 991 968 1085 significat:
993 1021 1009 1056 a
1027 989 1136 1086 Hylen
1154 1005 1303 1060 nostram
1321 989 1393 1060 aliis
1411 1015 1465 1060 me·

436 1128 550 1182 mento
564 1107 801 1182 commendare
816 1137 825 1179 ε
841 1137 942 1205 quam
959 1113 1068 1181 omnis
1086 1114 1215 1207 generis
1229 1113 1414 1207 coegimus,
1429 1113 1464 1180 uti

437 1235 519 1322 scis,
533 1235 745 1330 octingentos
759 1235 794 1301 in
808 1231 923 1302 libros.
936 1262 954 1298 a
970 1231 1084 1304 Coluit
1098 1247 1214 1328 postea
1229 1230 1466 1302 familiarissime
1552 1211 1553 1214 Ἴ

436 1357 556 1427 Caium
572 1353 786 1441 Sallustium,
802 1368 836 1424 et
852 1379 893 1423 eo
912 1353 1089 1443 defuncto,
1107 1356 1257 1426 Asinium
1273 1350 1463 1422 Pollionem:
1552 1393 1553 1400 κ

435 1501 522 1572 quos
535 1476 710 1544 historiam
729 1499 930 1569 componere
947 1499 1136 1570 aggressos,
1155 1473 1297 1543 alterum
1315 1474 1465 1542 breviario

435 1621 549 1666 rerum
563 1597 712 1664 omnium
726 1619 960 1680 romanarum,
978 1619 1020 1663 ex
1036 1595 1175 1688 quibus,
1197 1618 1279 1688 quas
1296 1590 1409 1680 vellet,
1423 1591 1465 1662 eli·

437 1731 544 1814 geret,
561 1715 735 1804 instruxit,
755 1715 897 1784 alterum
913 1717 1087 1811 praeceptis
1103 1715 1145 1784 de
1158 1716 1287 1784 ratione
1303 1712 1464 1783 scribendi.

436 1840 519 1928 Quo
532 1837 637 1931 magis
649 1837 769 1918 miror,
782 1837 934 1906 Asinium
948 1834 1131 1905 Pollionem
1142 1833 1330 1921 credidisse,
1341 1835 1466 1926 antiqua

437 1983 515 2028 enm
532 1957 635 2026 verba
655 1971 690 2026 et
709 1955 833 2052 ligures
859 1953 994 2052 solitum
1022 1981 1093 2026 esse
1113 1953 1268 2050 colligere
1295 1952 1465 2024 Sallustio:

437 2103 543 2172 quum
563 2077 626 2146 sibi
645 2077 728 2146 sciat
744 2075 792 2145 nil
813 2074 905 2145 aliud
923 2075 1084 2166 suadere,
1103 2101 1205 2171 quam
1223 2091 1262 2145 ut
1279 2089 1359 2144 noto
1377 2072 1467 2144 civili·

438 2222 504 2291 que
522 2211 556 2266 et
572 2198 711 2292 proprio
726 2221 877 2266 sermone
894 2211 1021 2284 utatur,
1038 2199 1184 2290 vitatque
1203 2198 1345 2266 maxime
1362 2195 1467 2264 obscu-

438 2320 571 2387 ritatem
591 2315 758 2405 Sallustii,
780 2331 813 2385 et
828 2315 1002 2386 audaciam
1021 2319 1055 2386 in
1073 2315 1356 2386 translationibus.

486 2440 545 2507 XI.
568 2422 723 2506 Valerius
742 2440 847 2524 Cato,
868 2453 906 2507 nt
923 2436 1077 2507 nonnulli
1098 2436 1323 2522 tradiderunt,
1339 2438 1466 2505 Burseni

438 2555 614 2651 cujusdam
633 2556 790 2645 libertus,
808 2582 848 2626 ex
867 2556 978 2628 Gallia
997 2583 1005 2625 :
1025 2559 1095 2652 ipse
1115 2556 1247 2644 libello,
1266 2558 1318 2626 cui
1336 2571 1386 2624 est
1403 2557 1468 2624 titu-

435 2675 489 2746 lus
504 2676 713 2770 Indignatio,
731 2677 913 2772 ingenuum
929 2701 964 2746 se
984 2693 1099 2746 natum
1113 2679 1178 2763 ait,
1198 2691 1231 2746 et
1247 2675 1409 2772 pupillum
1425 2699 1468 2742 re·

436 2794 576 2882 lictum,
593 2821 700 2891 eoque
721 2795 850 2865 facilius
870 2771 1001 2866 licentia
1019 2795 1147 2866 Sullani
1166 2798 1323 2890 temporis
1343 2810 1468 2864 exutum

436 2918 651 3010 patrimonio.
662 2917 790 2986 Docuit
806 2916 942 3003 multos,
960 2931 992 2986 et
1007 2916 1133 2986 nobiles
1148 2943 1156 2986 t
1174 2919 1329 3010 visusque
1343 2933 1390 2986 est
1403 2939 1468 3010 per-

436 3036 577 3106 idoneus
602 3050 796 3130 praeceptor,
822 3039 964 3106 maxime
988 3037 1030 3106 ad
1056 3039 1218 3132 poeticam
1250 3036 1467 3120 tendentibus,

436 3171 475 3224 nt
494 3155 628 3249 quidem
648 3179 809 3250 apparere
827 3155 881 3225 vel
899 3157 951 3226 his
967 3157 1144 3262 versiculis¹
1156 3172 1264 3254 potest
1283 3185 1291 3227 :
1335 3205 1338 3210 -

576 3371 646 3428 cato
665 3371 877 3444 grammaticos,
892 3373 981 3430 latina
1001 3373 1099 3443 Siren,

575 3463 633 3534 Qui
652 3464 728 3520 solus
741 3464 825 3539 legit,
845 3483 878 3538 ac
896 3465 964 3522 lacit
979 3477 1088 3541 poetas.

437 3673 576 3767 Scripsit
596 3687 717 3767 praeter
739 3675 971 3768 grammaticos
986 3672 1113 3743 libellos
1130 3677 1228 3743 etiam
1246 3687 1411 3768 poemata,
1431 3693 1469 3737 ex

437 3794 558 3888 quibus
575 3793 739 3890 praecipue
753 3796 938 3888 probantur
956 3795 1067 3889 Lydia
1083 3810 1118 3864 et
1134 3795 1261 3864 Dtiznu.
1281 3791 1396 3887 Lydiae
1413 3790 1469 3858 Ti·

438 3913 513 3981 cida
532 3914 682 3982 meminit
700 3939 708 3981 :

579 4130 673 4202 Lydia
691 4129 841 4186 doctorum
858 4130 981 4188 maxima
1000 4148 1066 4186 cura
1084 4129 1169 4185 liber.
