3168 5440
431 515 468 571 φ
836 496 866 553 e.
890 495 1072 552 summm

431 618 561 708 schola;
577 643 707 706 verum,
727 633 761 688 ut
781 643 938 713 nequem
956 619 1098 714 amplius
1114 621 1253 714 posthac'
1271 617 1461 714 discipulum

432 742 594 834 reciperet
611 765 619 808 ε
638 739 818 832 docuitque
832 741 866 808 in
885 741 970 808 atrio
985 737 1137 810 Catilinae
1155 739 1292 825 domus,
1308 765 1384 834 quae
1397 764 1462 834 pars

431 858 548 929 Palatii
570 876 649 930 tnnc
667 875 755 947 erat,
773 874 806 928 et
820 863 967 929 sestertia
987 875 1126 930 centena
1142 862 1176 929 in
1193 885 1319 930 annum
1336 862 1461 954 accepit.

431 981 580 1050 Decessit
596 982 700 1048 etatis
715 995 852 1069 exactae,
867 981 929 1050 suh
941 982 1087 1052 Tiberio.
1107 984 1258 1051 Statuam
1276 981 1377 1049 hahet
1390 983 1464 1048 Pre-

432 1115 542 1185 ueste,
562 1102 595 1168 in
619 1100 773 1169 inferiore
795 1102 871 1169 Fori
892 1117 1007 1195 parte,
1027 1115 1145 1170 contra
1165 1099 1397 1194 hemicyclium
1414 1127 1420 1168 :
1435 1101 1462 1168 in

432 1245 499 1313 quo
516 1220 636 1308 fastos,
653 1245 672 1288 a
690 1246 725 1290 se
741 1221 932 1309 ordinatos,
948 1236 981 1290 et
995 1245 1183 1290 marmoreo
1196 1223 1315 1316 parieti
1334 1222 1462 1308 incisos,

432 1338 627 1433 publicarat.

480 1463 606 1530 XVIII.
631 1465 670 1532 L.
686 1463 883 1550 Crassitius,
906 1487 1028 1558 genere
1050 1465 1270 1550 Tarentinus,
1289 1461 1416 1532 ordinis
1433 1461 1464 1530 li·

432 1581 571 1668 bertini,
598 1583 795 1674 cognomine
821 1581 982 1670 Pasicles,
1008 1607 1087 1652 mox
1109 1587 1249 1652 Pansam
1270 1607 1305 1652 se
1324 1595 1464 1650 transno-

433 1703 581 1770 minavit.
607 1703 670 1770 Hic
688 1703 784 1771 initio
802 1703 888 1771 circa
909 1727 1042 1772 scenam
1062 1719 1212 1773 versatus
1229 1718 1297 1789 est,
1314 1701 1395 1772 dum
1410 1703 1464 1770 mi·

432 1820 634 1915 mographos
661 1820 797 1914 adjuvat
817 1847 825 1890 :
845 1820 964 1890 deinde
992 1824 1026 1890 in
1051 1822 1189 1918 pergula
1207 1823 1342 1912 doouit,
1371 1823 1465 1892 donee

436 1942 675 2010 commentario
694 1944 844 2036 Smyrnae
862 1941 954 2011 edito
976 1941 1061 2012 adeo
1079 1940 1251 2031 inclaruit,
1279 1958 1317 2012 ut
1340 1943 1410 2014 haec
1432 1943 1464 2012 de

432 2085 472 2128 eo
489 2061 713 2130 scriberentur
731 2087 738 2129 :

527 2227 587 2284 Uni
600 2227 735 2284 Crassitio
751 2246 781 2284 se
799 2229 916 2284 credere
933 2229 1052 2303 Smyrna
1067 2230 1219 2304 probavit:

516 2327 519 2336 “
566 2320 710 2390 Desinite,
727 2321 852 2390 indocti,
868 2321 1004 2396 conjugio
1017 2323 1093 2378 hane
1113 2333 1218 2397 petere.

528 2411 590 2468 Soli
604 2412 739 2468 Crassitio
755 2432 785 2468 se
803 2413 877 2468 dlxit
893 2414 1003 2470 nubere
1016 2415 1108 2470 velle:

570 2505 673 2560 Intima
692 2505 737 2560 cui
752 2505 807 2561 soli
822 2516 891 2562 nota
907 2525 955 2562 sua
971 2507 1142 2564 exstiterint.

430 2666 495 2738 Sed
510 2691 613 2760 quum
630 2663 782 2734 edoceret
794 2665 862 2758 jam
878 2663 1002 2733 multos
1017 2689 1055 2734 ac
1069 2664 1217 2754 nobiles‚·
1231 2667 1266 2734 in
1280 2667 1333 2736 his
1349 2667 1460 2752 lulium

431 2789 638 2870 Antonium,
658 2786 824 2870 triumviri
844 2783 966 2872 fitium,
995 2800 1034 2854 ut
1052 2787 1174 2856 Verrio
1197 2811 1333 2880 quoque
1358 2787 1461 2857 Flacco

431 2921 701 3004 compararetur,
729 2905 863 2975 dimissa
891 2923 1026 3002 repente
1056 2904 1191 2994 schola,
1216 2909 1348 2977 transiit
1371 2907 1411 2977 ad
1426 2909 1460 2996 Q.

432 3029 534 3099 Sextii
551 3025 742 3121 philosophi
759 3041 892 3095 sectam.

478 3151 572 3217 xlx.
602 3145 793 3216 Scribonius
817 3145 1057 3240 Aphrodisius,
1082 3145 1203 3216 Orbilii
1229 3172 1347 3218 servus
1376 3163 1462 3242 atque

434 3265 633 3361 discipulus,
661 3291 739 3335 mox
767 3291 786 3334 a
815 3267 1008 3355 Scribonia,
1028 3269 1167 3336 Libonis
1189 3267 1272 3356 filia,
1291 3293 1365 3362 quae
1382 3269 1462 3362 prior

431 3388 573 3482 Augusti
590 3409 674 3454 uxor
695 3385 823 3474 fuerat,
842 3385 1011 3456 redemtus
1028 3402 1060 3456 et
1081 3391 1323 3476 manumissus,
1345 3389 1463 3472 docuit,

432 3533 499 3601 quo
514 3507 677 3590 Verrius,
696 3520 859 3600 tempore,
881 3508 976 3601 cujus
993 3509 1092 3576 etiam
1112 3507 1203 3577 libris
1219 3507 1263 3579 de
1281 3511 1465 3603 Ortlrogra-

427 3629 513 3724 plaia
527 3625 716 3720 rescripsit,
733 3651 798 3694 non
815 3628 885 3696 sine
898 3629 1114 3698 insectatione
1128 3628 1315 3698 studiorum
1331 3651 1469 3698 morum-

430 3773 495 3842 que
511 3748 593 3840 ejus.

479 3871 553 3937 XX.
571 3871 608 3938 C.
626 3866 732 3938 Julius
751 3869 918 3964 Hyginus,
935 3870 1077 3964 Augusti
1096 3868 1251 3958 libertus,
1269 3871 1399 3938 natione
1411 3869 1474 3936 IIi-

433 4013 554 4082 spanus
568 3988 648 4084 (etsi
665 3989 816 4058 nonnulli
832 3987 1092 4058 Alexandrinum
1112 4004 1246 4083 putant,
1262 4005 1296 4060 et
1309 4016 1328 4059 a
1343 3993 1475 4060 Caesare

433 4132 574 4202 puerum
591 4112 732 4180 Romam
749 4109 943 4198 advectum,
962 4109 1163 4181 Alexandria
1179 4111 1312 4206 capta),
1326 4109 1477 4180 studiose
