3098 5446
829 559 861 614 C.
883 559 1061 615 suman

472 685 547 752 XX.
567 683 701 752 Statura
719 681 781 752 luit
795 683 978 776 quadrata,
992 685 1174 777 compactis
1187 682 1356 776 firmisque
1369 707 1439 752 mern

421 801 512 888 bris,
531 802 626 873 vultu
652 802 755 876 veluti
774 805 920 872 nitentis.
939 807 991 874 De
1014 827 1082 897 quo
1103 803 1240 896 quidam
1263 803 1448 874 urbanorum

422 947 490 992 non
518 921 685 992 infacete:
705 921 870 1018 siquidem
895 927 1042 1018 petenti,
1072 953 1089 988 α
1105 939 1140 992 nt
1169 925 1260 993 etin
1287 947 1322 993 se
1341 921 1449 1017 aliquid

422 1042 571 1114 diceret:
590 1045 864 1133 s-aDicam,s
882 1046 1010 1140 inquit,
1025 1069 1158 1138 equum
1180 1058 1330 1113 ventrem
1349 1069 1452 1114 exone·
1541 1023 1542 1052 l

422 1188 496 1234 rare
516 1163 692 1234 desieris.»
711 1161 911 1234 Valetudine
929 1165 1152 1260 prosperrima
1169 1188 1248 1233 usus
1265 1179 1333 1252 est,
1352 1189 1453 1260 quam·

423 1286 471 1352 vis
490 1283 532 1352 ad
551 1284 708 1353 tuendam
727 1307 800 1353 eam
824 1283 906 1354 nihil
929 1283 1072 1379 amplius
1090 1307 1192 1380 quam
1213 1283 1325 1355 lauces
1344 1301 1453 1355 cetera·

421 1427 486 1499 que
512 1403 662 1474 membra
689 1405 821 1474 sibimet
841 1403 885 1474 ad
907 1429 1084 1474 numerum
1106 1405 1140 1473 in
1165 1406 1387 1500 sphaeristerio
1408 1405 1455 1474 de·
1542 1401 1543 1419 ¹

420 1525 577 1614 fricaret,
607 1523 819 1618 inediamque
850 1513 951 1595 unius
981 1523 1046 1593 diei
1077 1548 1135 1619 per
1162 1523 1311 1620 singulos
1338 1551 1456 1596 meuses

420 1645 656 1738 interponeret.

469 1769 562 1836 xx1.
585 1742 749 1836 Ordinem
770 1768 845 1836 vitae
863 1767 931 1836 lere
956 1766 1047 1836 bunc
1066 1767 1184 1836 tenuit.
1211 1768 1250 1835 ln
1275 1767 1457 1863 principatu

422 1887 586 1956 maturius
600 1911 742 1982 semper,
758 1911 798 1956 ac
815 1886 857 1956 dc
877 1903 975 1956 nocte
993 1885 1172 1984 evigilabat
1192 1911 1200 1956 r
1218 1885 1295 1957 dein
1316 1887 1459 1982 perlectis

422 2005 591 2102 epistolis,
613 1987 866 2102 officiorumque
883 2009 1035 2076 omnium
1054 2007 1242 2094 breviariis,
1265 2009 1392 2078 amicos
1413 2007 1462 2077 atl-

420 2127 593 2212 mittebat;
620 2151 659 2196 ac
679 2125 758 2195 duan
788 2125 1015 2212 salutabatur,
1041 2142 1074 2196 et
1095 2125 1259 2196 calciabat
1280 2129 1355 2222 ipse
1380 2151 1460 2212 sese,
1544 2198 1545 2232 ,

419 2261 451 2314 ct
467 2247 669 2316 amiciebat:
690 2262 833 2340 postque
849 2246 980 2333 decisa,
1002 2271 1211 2342 quaecunque
1236 2247 1462 2330 obvenissent,
1544 2261 1545 2278 ¹

420 2370 576 2464 negotia,
596 2369 772 2463 gestationi
792 2381 824 2437 et
852 2365 931 2437 inde
955 2369 1061 2462 quieti
1087 2368 1247 2454 vacabat,
1279 2369 1461 2438 accubante
1544 2389 1545 2402 ³

418 2488 539 2582 aliqua
559 2487 785 2584 pallanteum,
810 2511 893 2582 quas
919 2489 953 2560 in
983 2485 1093 2556 locum
1125 2487 1292 2558 delsrnctae
1321 2485 1463 2560 Caenidis

418 2607 578 2704 plurimas
597 2609 835 2678 constituerat:
854 2635 872 2680 a
890 2623 1018 2680 secreto
1033 2610 1069 2681 in
1085 2607 1253 2678 balineum
1269 2608 1466 2680 triclinium·

417 2755 483 2826 que
504 2731 676 2801 transibat.
702 2733 774 2802 Neo
795 2730 863 2801 ullo
888 2747 1038 2826 tempore
1055 2727 1194 2816 facilior,
1214 2745 1272 2799 aut
1292 2728 1466 2831 indulgen·

418 2854 483 2921 tior
503 2851 667 2940 traditur3
688 2877 792 2947 eaque
817 2865 984 2922 momenta
1005 2851 1179 2921 domestici
1198 2849 1241 2920 ad
1260 2849 1399 2945 aliquid
1420 2875 1469 2946 pe

418 2972 556 3042 tendum
571 2997 692 3068 magno
713 2997 814 3067 opere
836 2973 1024 3068 captabant.

467 3095 576 3162 XXII.
596 3095 639 3162 Et
658 3117 760 3188 super
772 3117 900 3162 coenam
916 3106 1051 3180 autem,
1071 3107 1103 3160 et
1122 3115 1254 3186 semper
1274 3067 1471 3164 aliascorn·

418 3214 651 3300 munissimus,
669 3212 773 3282 multa
793 3203 871 3308 joco
896 3213 1101 3308 transigebat
1120 3214 1324 3300 :eratenim
1345 3214 1472 3284 dicaci-

418 3335 493 3402 tatis
520 3331 692 3428 plurimae,
724 3349 758 3402 et
782 3335 830 3403 sic
850 3331 998 3404 scurrilis
1018 3357 1056 3402 ac
1074 3332 1237 3420 sordide,
1260 3347 1300 3403 ut
1322 3359 1370 3404 ue
1391 3361 1472 3430 pre·
1538 3319 1546 3328 ⁵

416 3456 548 3524 testatis
567 3453 701 3548 quidem
729 3455 837 3524 verbis
864 3455 1053 3524 abstineret.
1084 3457 1128 3524 Et
1161 3469 1271 3524 tamen
1303 3453 1473 3524 nonnulla

415 3577 487 3670 ejus
516 3574 713 3645 facetissima
740 3589 871 3646 exstant
889 3603 898 3644 ε
919 3577 952 3644 in
971 3575 1092 3668 quibus
1110 3589 1143 3644 et
1174 3575 1253 3643 bec.
1286 3578 1474 3646 Mestrium

416 3695 550 3764 Florum
565 3692 793 3784 consularem,
810 3695 1001 3766 admonitus
1018 3695 1061 3764 ab
1077 3719 1136 3781 eo,
1152 3695 1312 3792 plaustra
1329 3698 1474 3790 potius,

415 3839 517 3910 quam
528 3816 663 3913 plostra
690 3815 844 3902 dicenda,
865 3829 1000 3910 postero
1019 3813 1072 3883 die
1096 3814 1262 3886 Fluuntm
1289 3814 1497 3886 salutavit,

415 3939 633 4030 Expugnatus
651 3950 801 4006 autema
825 3935 988 4030 quadam,
1008 3939 1102 4031 quasi
1124 3961 1238 4006 amore
1258 3937 1310 4005 sui
1342 3937 1480 4032 deperi·

416 4069 477 4140 ret,
490 4081 592 4150 quum
607 4057 774 4152 perductae
789 4081 849 4152 pro
859 4059 1040 4127 concubitu
1052 4059 1202 4127 sestertia
1216 4056 1478 4154 quadringenta

416 4177 589 4268 donasset;
606 4179 804 4249 admonente
817 4179 1063 4273 dispensatore,
1076 4177 1366 4272 quemadmodum
1390 4205 1483 4248 suan·
