3168 5440
319 478 371 534 ne
391 460 640 534 unusrrubus
662 475 932 532 oniuuirrcvs.
1105 499 1141 552 91

120 601 345 691 vacuando„
365 602 566 698 scripsisset,
584 601 793 676 acerbissima
814 601 914 672 satira
935 599 1147 690 laceraverit,

117 722 349 796 «lastrorum»
375 739 411 796 et
435 721 685 808 «tur-eonem»
704 737 737 792 et
756 721 986 794 «nebulonem
1003 723 1146 817 popino-

118 870 282 941 nemquer
301 844 491 940 appellans,
505 859 539 918 et
555 873 571 910 a
586 844 652 914 vita
669 845 864 938 scriptisque
880 860 1147 934 monstrosum»

117 981 268 1062 praeterea
285 997 302 1034 a
319 971 504 1062 priscorum
519 968 722 1059 Catonisque
736 965 915 1036 verborum
934 964 1148 1035 ineruditissi-

115 1115 198 1162 mum
217 1088 338 1160 furem.
355 1118 371 1154 a
389 1087 548 1160 Traditur
567 1104 677 1160 autem
696 1113 779 1183 puer
798 1087 908 1156 adbuc
926 1089 1053 1156 catenis
1072 1087 1149 1157 sub·

114 1224 242 1304 repms,
269 1209 428 1304 refugisse
454 1210 487 1278 in
513 1210 674 1303 patriam3
704 1209 933 1302 perceptisque
959 1191 1147 1278 liberalibus

114 1327 309 1422 disciplinis,
335 1329 477 1422 pretium
501 1353 596 1397 suum
620 1328 756 1397 domino
777 1327 945 1413 retulisse,
967 1353 1082 1398 verum
1105 1330 1149 1397 ob

114 1450 278 1542 ingenium
296 1462 329 1518 et
350 1447 536 1519 doctrinam
555 1451 658 1544 gratis
678 1449 908 1520 manumissus.
1084 1453 1095 1462 '

156 1571 248 1640 xvl.
263 1571 308 1657 Q.
324 1566 475 1640 Caecilius
489 1569 642 1661 Epirota,
656 1565 792 1638 Tusculi
807 1583 921 1655 natus,
935 1566 1073 1638 libertus
1087 1572 1147 1638 At-

113 1689 181 1771 tici,
201 1689 321 1780 equitis
342 1689 490 1768 romani,
511 1687 554 1756 ad
577 1711 674 1781 quem
697 1702 774 1756 sunt
792 1689 962 1758 Ciceronis
980 1687 1148 1782 epistolae,

111 1833 210 1901 quum
231 1805 332 1882 filiam
349 1809 496 1902 patroni,
513 1822 653 1901 nuptam
670 1810 787 1892 Marco
802 1809 973 1902 Agrippa,
994 1807 1148 1892 doceret,

111 1943 282 2024 suspectus
295 1930 329 1998 in
349 1954 407 2014 eu,
422 1944 456 2000 et
469 1929 513 1998 ob
532 1929 596 1998 hoc
612 1944 775 2018 remotus,
793 1929 836 1998 ad
856 1929 1048 1999 Cornelium
1067 1929 1147 2000 Gal·

110 2049 177 2118 lum
193 2075 228 2119 se
249 2049 415 2118 centulit:
437 2051 582 2143 vixitque
604 2074 671 2118 uua
689 2047 960 2137 familiarissime,
981 2051 1070 2143 quod
1087 2053 1165 2162 ipsi¹

110 2168 206 2241 Gallo
218 2169 305 2238 inter
321 2171 513 2264 gravissima
525 2170 664 2238 crimina
676 2169 717 2238 ab
729 2173 880 2263 Augusto
891 2171 1058 2266 objicitur.
1073 2173 1151 2239 Post
1268 2223 1270 2230 .

110 2290 229 2359 deinde
243 2289 490 2359 damnationem
502 2305 711 2383 mortemque
725 2289 832 2378 Galli,
845 2289 991 2360 sobolem
1003 2293 1149 2385 aperuit;

111 2411 164 2478 sed
180 2411 246 2495 ite,
264 2425 301 2478 ut
317 2411 448 2503 paucis,
464 2423 497 2478 et
515 2423 643 2478 tentum
660 2407 925 2479 adolescentibus
940 2411 1151 2504 praeciperet,

111 2544 303 2624 prmtextnto
330 2530 472 2617 nemini,
498 2531 560 2598 nisi
587 2532 614 2598 si
641 2531 736 2623 cujus
759 2532 889 2622 parenti
913 2530 976 2598 hoc
1004 2529 1150 2598 officium

109 2675 231 2747 negare
249 2676 316 2720 non
332 2665 450 2744 posset.
467 2653 597 2720 Primus
611 2649 733 2718 dicitur
750 2649 850 2719 latine
867 2676 905 2718 ex
917 2666 1067 2744 tempore
1082 2650 1150 2718 vlis·

105 2787 260 2866 putasse,
293 2771 488 2866 primusque
517 2769 695 2865 Virgilium
728 2785 761 2838 et
788 2768 870 2838 alios
897 2785 1012 2864 poetas
1046 2795 1150 2838 novos

107 2890 286 2986 praelegere
300 2871 450 2984 coepisse,
466 2890 557 2984 quod
574 2893 671 2961 etiam
693 2891 833 2960 Domitii
851 2892 952 2964 Marsi
971 2891 1151 2960 versiculus

107 3011 245 3097 indicat,

245 3191 379 3264 Epirota,
395 3192 567 3246 tenellorum
581 3192 721 3246 nutricula
737 3203 840 3246 vatum.

155 3353 268 3420 XVII.
296 3352 437 3420 Verrius
465 3350 617 3434 Flaccus,
645 3350 841 3442 libertinus,
865 3351 1005 3422 docendi
1032 3377 1153 3447 genere

105 3473 254 3540 maxime
280 3470 446 3542 inclaruit
475 3473 628 3565 Namque
655 3471 697 3540 ad
721 3472 928 3542 exercitanda
954 3473 1152 3543 discentium

103 3593 243 3688 ingenia
261 3589 402 3686 aequales
428 3593 515 3660 inter
537 3617 571 3661 se
597 3593 804 3662 committere
824 3590 967 3679 solebat,
983 3596 1151 3687 proposita

104 3736 177 3778 non
203 3710 311 3780 solum
329 3713 488 3800 materia,
512 3737 611 3806 quam
641 3712 842 3797 scriberent,
872 3713 928 3781 sed
949 3728 981 3781 et
999 3714 1153 3806 praemio,

102 3829 201 3922 quod
220 3831 327 3900 victor
342 3831 495 3900 auferret.
515 3831 553 3900 Id
571 3846 642 3900 erat
660 3830 745 3902 liber
761 3832 879 3926 aliquis
893 3835 1063 3925 antiquus,
1080 3831 1154 3924 pul·

98 3951 203 4039 cher,
225 3967 288 4021 aut
315 3952 432 4022 rarior.
452 3953 565 4041 Quare
588 3952 629 4021 ab
645 3957 802 4048 'Augusto
822 3978 955 4047 quoque
977 3953 1154 4045 nepotibus

98 4069 182 4163 ejus
202 4086 388 4168 praeceptor
414 4069 560 4160 electus,
584 4073 714 4142 transiit
741 4075 775 4142 in
799 4072 962 4143 Palatium
991 4097 1066 4140 cum
1085 4085 1154 4140 tota
