3098 5446
420 487 426 502 ἱ
532 507 659 566 ⁸OTHO.
970 579 978 592 ἱ
1100 533 1133 570 21

1 671 2 688 κ
93 632 455 728 appropinquantibus,
479 632 629 702 animum
660 631 824 726 fidemque
856 638 1132 728 pretorianorum

1 835 2 838 Ἴ
92 779 167 850 erga
185 779 219 823 se
239 778 334 848 paene
354 753 584 822 internecione
607 751 802 846 amplissimi
821 753 951 824 ordinis
979 775 1137 852 expertus

91 889 146 942 est.
163 877 207 943 Et
225 872 398 968 placuerat
416 897 477 968 per
496 871 683 942 classiarios
698 897 791 942 arma
807 876 1001 962 transferri,
1023 881 1137 948 remit·

91 997 181 1088 tique
205 994 357 1064 navibus.
378 997 427 1064 Ea
446 1018 551 1088 quum
575 995 745 1064 incastris
766 994 828 1063 sub
851 1009 981 1066 noctem
1000 1023 1133 1092 prome·

91 1129 217 1197 rentur,
241 1113 377 1184 iusidias
402 1113 539 1208 quidam
562 1115 738 1208 suspicati,
762 1113 944 1184 tumultum
969 1119 1133 1188 excitave-

1 1253 2 1272 ¹
87 1249 169 1304 runt
188 1259 196 1304 :
213 1259 252 1304 ac
269 1249 408 1329 repente
421 1259 554 1320 omnes,
571 1233 663 1304 nullo
683 1249 777 1304 certo
795 1233 898 1322 duce,
919 1238 952 1304 in
971 1237 1135 1308 Palatium

1 1357 2 1364 ’
91 1369 333 1442 cucurrerunt,
358 1354 479 1424 caedern
512 1369 644 1424 senatus
669 1355 856 1450 flagitantes
887 1382 895 1423 :
927 1356 1135 1453 repulsisque

92 1475 324 1562 tribunorum,
341 1478 399 1570 qui
420 1477 570 1546 inhibere
585 1476 779 1564 tentabant,
799 1475 976 1548 nonnullis
995 1493 1028 1547 et
1048 1483 1134 1550 occi-

1 1655 2 1658 ,
90 1600 149 1684 sis,
167 1598 252 1666 sicut
269 1611 364 1666 eraut
377 1598 529 1683 cruenti,
543 1596 681 1668 ubinam
698 1599 881 1691 imperator
900 1614 1003 1687 esset,
1026 1603 1138 1695 requi·

90 1733 219 1805 rentes,
236 1733 466 1813 perruperunt
490 1720 525 1788 in
550 1716 733 1790 triclinium
752 1743 874 1813 usque,
904 1745 965 1789 nec
983 1724 1046 1790 nisi
1065 1725 1137 1792 viso

89 1837 299 1908 destiterunt.
326 1838 584 1932 Expeditionem¹
600 1853 714 1908 autern
740 1840 880 1933 impigre
910 1855 1010 1934 atque
1027 1843 1135 1910 'etiam

90 1982 302 2054 praepropere
322 1959 511 2044 inchoavit,
540 1956 648 2044 uulla,
678 1984 720 2028 ne
747 1958 946 2054 religionum
979 1962 1136 2055 quidem,

89 2104 193 2166 cura,
210 2079 266 2150 sed
285 2095 319 2149 et
337 2081 436 2150 motis
451 2079 595 2150 necdum
607 2078 749 2152 conditis
763 2079 946 2170 ancilibus,
966 2082 1058 2176 quod
1076 2108 1137 2153 an·

89 2201 232 2293 tiquitus
250 2199 433 2270 infaustum
456 2199 618 2286 habetur,
637 2214 670 2268 et
695 2199 766 2289 die,
785 2225 853 2294 quo
871 2199 1015 2272 cultores
1041 2205 1141 2274 deum

83 2323 208 2391 -matris
225 2319 399 2392 lamentari
415 2337 449 2391 et
464 2320 623 2418 plangere
640 2324 833 2417 incipiunt;
851 2339 1011 2418 praeterea
1023 2327 1141 2396 adver·

87 2445 228 2514 sissimis
245 2444 411 2538 auspiciis.
427 2445 516 2512 Nam
533 2456 566 2514 et
583 2443 718 2518 victima
731 2444 801 2512 Diti
817 2447 903 2538 patri
918 2471 1001 2514 caesa
1015 2445 1138 2531 litavit,

88 2587 196 2658 quum
209 2562 267 2632 tali
283 2563 444 2634 sacrificio
458 2565 628 2632 contraria
640 2577 713 2632 exta
729 2565 860 2656 potiora
876 2565 952 2632 sint.
969 2569 1012 2634 Et
1027 2569 1136 2660 primo

86 2709 224 2780 egressu
236 2683 513 2758 inundationibus
525 2683 654 2754 Tiberis
669 2683 872 2768 retardatus,
885 2683 926 2750 ad
945 2686 1137 2755 vicesimum

83 2807 189 2875 etiam
221 2803 365 2899 lapidem
391 2805 486 2872 ruina
511 2801 728 2872 aedificiorum
752 2801 946 2895 praeclusam
977 2805 1064 2874 viam
1089 2806 1140 2874 of-

84 2925 209 2996 fendit.

140 3051 204 3117 lx,
225 3048 331 3116 Simili
350 3049 556 3135 temeritate,
572 3049 726 3142 quamvis
740 3049 880 3118 dubium
897 3050 1021 3117 nemini
1037 3064 1141 3136 esset,

83 3171 176 3264 quin
189 3169 282 3238 trahi
293 3167 416 3238 bellum
433 3184 621 3264 oporteret,
636 3169 772 3263 quando
787 3184 820 3238 et
833 3169 919 3238 fame
932 3184 966 3238 et
980 3170 1141 3262 angustiis

79 3287 246 3359 locorum
262 3303 438 3384 urgeretur
448 3290 569 3374 hostis,
580 3314 680 3382 quarn
693 3291 838 3383 primum
851 3303 962 3357 tamen
974 3287 1142 3357 decertare

77 3411 210 3480 statuit
228 3436 237 3478 ε
253 3411 322 3479 sive
342 3411 518 3504 impatiens
538 3409 698 3506 longioris
717 3408 970 3496 sollicitudinis,
991 3431 1143 3504 sperans·

81 3555 159 3624 que
183 3545 263 3599 ante
282 3529 408 3603 Vitellii
429 3530 609 3600 adventum
631 3530 802 3625 profligari
821 3529 1003 3624 plurimum
1024 3553 1142 3622 posse3

74 3653 161 3721 sive
181 3653 291 3745 impar
305 3650 448 3720 militurn
467 3653 599 3741 ardori,
614 3677 763 3748 pugnam
780 3651 1042 3745 deposcentium.
1071 3651 1143 3719 Nec

72 3771 145 3843 ulli
170 3795 296 3868 pugnae
313 3771 438 3856 adfuit,
465 3773 677 3867 substititque
702 3769 846 3842 Brixelli.
869 3775 913 3840 Et
931 3772 1039 3840 tribus
1066 3771 1142 3862 qui·

71 3893 191 3980 dem,
205 3916 326 3968 rerum
337 3891 561 3962 mediocribus
580 3893 719 3988 proeliis,
739 3891 830 3988 apud
852 3891 969 3992 Alpes,
989 3892 1142 3982 circaque

66 4017 316 4104 Placentiam,
331 4031 364 4084 et
378 4015 420 4084 ad
435 4015 596 4104 Castoris,
615 4014 706 4109 quod
724 4015 799 4085 loco
817 4037 937 4083 nornen
961 4027 1026 4096 est,
1046 4003 1141 4080 vicit:

66 4137 278 4207 novissimo
294 4137 505 4230 maximoque
521 4134 610 4231 apud
628 4138 816 4206 Betriacum
831 4134 947 4204 fraude
964 4148 1140 4228 superatus
