3114 5446
425 533 481 572 ato
833 513 862 567 C.
886 511 1059 568 SUEfflNll

424 641 514 711 sidiis
540 642 733 709 nunciatum
751 651 853 722 esset,
877 659 994 730 magna
1015 639 1279 706 consternatione
1296 637 1454 732 populns,

424 777 457 830 et
480 760 617 830 militem
637 761 730 854 quasi
759 757 978 852 proditorem,
1004 771 1043 832 et¹
1058 773 1207 828 senatum
1234 760 1326 850 quasi
1347 760 1454 852 parri·
1497 791 1501 800 v

407 883 542 964 midam,
553 881 632 950 diris
645 877 1092 949 exsecrationibusincessere
1109 900 1176 946 non
1192 891 1267 946 ante
1279 877 1457 964 destiterit,

424 1025 522 1096 quam
544 1023 630 1070 unus
650 1013 749 1092 atque
762 997 860 1085 alter,
879 1011 911 1066 et
933 1019 1008 1065 moa
1027 995 1154 1090 plures,
1171 1021 1190 1065 a
1208 998 1457 1092 magistratibus

425 1123 458 1190 in
484 1125 605 1191 Rostra
630 1119 804 1214 producti,
829 1116 955 1186 salvum
981 1131 1014 1185 et
1039 1116 1305 1210 appropinquare
1330 1116 1456 1185 confir·

423 1253 558 1309 marent.

470 1363 563 1429 xm.
581 1364 652 1430 Nec
664 1375 773 1429 tamen
788 1381 903 1452 expers
919 1357 1112 1429 insidiarum
1129 1378 1365 1451 usquequaque
1379 1381 1454 1449 per-

424 1481 562 1566 mansit,
581 1479 639 1548 sed
656 1493 689 1548 et
711 1505 730 1548 a
750 1477 903 1573 singulis,
919 1491 952 1545 et
970 1501 1028 1570 per
1047 1475 1238 1563 factionem,
1258 1491 1292 1546 et
1308 1475 1453 1568 denique

422 1601 508 1670 civili
536 1599 622 1669 bello
648 1598 818 1669 infestatus
847 1611 905 1666 est.
934 1601 961 1666 E
989 1594 1086 1690 plebe
1113 1595 1214 1664 bomo
1231 1609 1327 1664 nocte
1346 1595 1456 1663 media

418 1721 512 1813 juata
537 1717 725 1788 cubiculum
750 1717 821 1812 ejus
848 1739 924 1784 cum
949 1717 1093 1810 pugione
1119 1715 1344 1809 deprehensus
1373 1729 1455 1783 est:

422 1840 541 1932 reperti
553 1853 586 1908 et
602 1841 760 1932 equestris
774 1836 900 1906 ordinis
913 1835 980 1905 duo
992 1837 1024 1902 in
1038 1833 1171 1930 publico
1188 1859 1264 1904 cum
1278 1832 1402 1903 dolone
1414 1861 1454 1904 ac

422 1959 592 2029 venatorio
606 1957 714 2028 cultro
724 1957 959 2054 praestolantes,
972 1955 1069 2044 alter,
1083 1971 1118 2024 ut
1128 1980 1293 2050 egressum
1305 1957 1456 2044 theatro,

422 2078 519 2167 alter,
544 2091 581 2148 ut
600 2077 838 2149 sacrificantem
864 2075 953 2172 apud
977 2077 1096 2145 Martis
1123 2076 1224 2144 aedem
1254 2075 1453 2146 adoriretur.

421 2199 704 2291 conspiraverunt
731 2211 841 2264 autem
865 2195 907 2264 ad
933 2220 984 2264 res
1007 2219 1108 2263 novas
1127 2193 1244 2264 Gallus
1265 2197 1400 2266 Asinius
1420 2212 1455 2266 ot

381 2317 389 2326 ’
420 2316 567 2387 Statilius
581 2317 761 2404 Corvinus,
778 2313 934 2384 Pollionis
950 2339 988 2384 ae
1002 2311 1151 2384 Messalae
1166 2329 1338 2384 oratorum
1352 2339 1455 2409 nepo·

424 2451 488 2521 tes,
510 2437 663 2505 assumtis
688 2433 914 2530 compluribus
937 2433 1062 2504 libertis
1086 2433 1188 2528 ipsius
1215 2447 1314 2527 atque
1336 2439 1451 2504 servis.

419 2555 546 2626 Bellum
561 2555 657 2626 civile
674 2555 778 2625 movit
794 2556 912 2624 Furius
928 2553 1088 2626 Camillus
1101 2554 1353 2638 Scribonianus,
1369 2554 1453 2624 Dal-

419 2677 526 2745 matiae
543 2674 687 2771 legatus;
701 2701 814 2744 verum
828 2676 913 2744 intra
928 2675 1081 2767 quintum
1095 2673 1181 2742 diem
1198 2697 1373 2769 oppressus
1388 2691 1451 2760 est,

418 2792 620 2888 legionibus,
639 2820 711 2890 quse
728 2807 971 2864 sacramentum
988 2807 1212 2881 mutaverant,
1234 2794 1267 2862 in
1282 2795 1451 2887 poeniten·

419 2915 498 2984 tiam
519 2914 677 3010 religione
697 2916 877 2999 conversis,
896 2927 1091 3008 postquam,
1107 2912 1305 2983 denunoiato
1325 2913 1367 2982 ad
1387 2940 1452 2983 no-

418 3057 498 3102 vum
519 3035 751 3128 imperatorem
776 3035 906 3116 itinere,
926 3057 1004 3102 casu
1025 3031 1185 3126 quodam,
1206 3055 1249 3101 an
1268 3033 1453 3122 divinitus,

419 3175 526 3245 neque
551 3151 661 3245 aquila
686 3153 817 3239 ornari,
845 3177 952 3246 neque
979 3153 1073 3246 signa
1096 3127 1236 3222 eonvelli
1257 3155 1454 3246 moverique

419 3285 607 3364 potuerunt.

465 3393 556 3461 XIV.
582 3391 782 3462 Consulatus
800 3417 900 3488 super
918 3395 1092 3488 pristinum
1112 3409 1256 3487 quatuor
1273 3394 1392 3488 gessit:
1408 3419 1454 3464 ex

417 3511 537 3605 quibus
548 3509 631 3580 duos
641 3515 764 3608 primos
771 3515 929 3608 junctim,
949 3529 1120 3607 sequentes
1137 3539 1198 3609 per
1214 3511 1453 3603 intervallum,

416 3621 538 3725 quarto
562 3657 726 3727 quemque
749 3659 853 3722 anno,
881 3649 1068 3703 semestrem
1093 3635 1323 3722 novissimum,
1342 3633 1455 3702 bimo·

418 3765 499 3820 sues
507 3767 649 3840 ceteros,
665 3755 796 3824 tertium
808 3769 933 3841 autem,
949 3777 1035 3822 novo
1049 3754 1135 3822 circa
1144 3753 1328 3848 principem
1341 3777 1455 3824 exem·

381 3865 385 3878 '
418 3867 488 3962 plo,
510 3872 543 3940 in
561 3870 669 3942 locum
686 3873 849 3943 demortui
862 3873 1028 3944 suffectus.
1041 3877 1100 3944 Jus
1116 3885 1149 3944 et
1164 3871 1280 3942 consul
1298 3887 1331 3941 et
1352 3889 1451 3943 extra

418 3987 577 4060 bonorem
611 3991 861 4062 laboriosissime
889 3992 986 4078 dixit,
1018 3994 1116 4062 etiam
1147 3993 1213 4062 suis
1242 4015 1452 4088 suorumque

418 4105 530 4178 diebus
549 4109 782 4195 sollemnibus,
801 4133 1039 4207 nonnunquam
1055 4111 1145 4181 festis
1162 4111 1294 4206 quoque
1307 4114 1454 4207 antiqui·
1480 4181 1485 4188 ,
