3168 5440
480 513 519 567 m
542 499 574 568 c]
595 515 620 568 J.
642 513 837 570 amaneu.
1131 524 1183 574 ιιι

140 625 215 680 euim
230 625 381 696 damnato,
399 625 553 684 decusare
566 627 641 684 idem
656 627 765 702 speram
777 637 903 703 poterat,
913 629 952 685 ob
966 647 1063 702 parem
1078 632 1185 688 utrius-

140 736 198 790 que
212 735 333 773 causam
348 741 359 766 ι
680 783 682 786 ¹
877 763 880 768 ,

181 813 219 864 In
227 811 441 884 praejudicium.
456 812 537 882 Quid
557 811 593 868 sit
607 814 807 886 proeJuclicium
825 812 911 868 docet
929 815 1051 884 iicon,
1064 813 1096 868 in
1109 815 1185 884 Cio,

139 905 178 958 cle
194 904 288 960 Dicin.
308 923 318 957 .·
336 929 347 954 u
365 903 566 974 Proejudicium
583 905 689 960 dicitur
702 923 760 976 res,
775 923 944 980 quicquum
965 915 1071 962 statuta
1083 906 1187 977 fuerit,

139 995 225 1050 affert
247 995 419 1067 judicaturis
446 999 608 1071 exemplum
639 997 721 1072 quod
746 1007 910 1072 sequautur.
926 1019 941 1048 ι
964 997 1011 1056 Cf.
1029 1000 1187 1068 Quinam,

139 1091 210 1144 last.
218 1127 229 1155 ,
249 1108 282 1160 ι,
303 1106 328 1145 a.
1167 1137 1169 1144 ,

181 1185 313 1254 Ampius
328 1194 378 1236 est.
395 1181 441 1238 Sic
454 1181 533 1251 Ita,
548 1201 602 1254 111,
618 1183 654 1240 58
670 1202 677 1238 :
693 1208 705 1234 a
721 1181 849 1238 Subinde
863 1190 993 1255 arreptus
1005 1198 1022 1237 ι
1034 1183 1065 1238 Ρ.
1083 1180 1186 1238 Numi·

139 1273 216 1328 torio
230 1274 279 1347 Sp.
295 1274 408 1348 Oppius
426 1274 539 1330 invidiae
552 1274 714 1348 proximus.
732 1299 744 1324 ι

182 1368 353 1423 Postulatas.
371 1369 406 1422 Η.
422 1387 445 1422 e.
461 1367 491 1422 in
507 1367 619 1440 judicio
633 1378 792 1438 accusatam,
805 1378 839 1423 ut
852 1386 932 1441 sup,
946 1385 986 1424 ιι.

180 1459 314 1533 Collegio.
332 1459 396 1515 Scil.
408 1459 606 1530 tribunorum,
619 1461 637 1518 i.
649 1479 673 1516 e.
682 1502 691 1530 ‚
701 1479 791 1534 quum
799 1469 982 1533 provocasset
995 1457 1033 1516 ad
1045 1456 1185 1514 tribunos.

184 1553 279 1607 Fieret.
289 1553 366 1628 Lege
379 1552 512 1607 Memmia
527 1552 557 1608 id
571 1552 757 1627 prohibitum.
767 1553 830 1608 Val.
844 1554 939 1623 Man,
954 1570 1010 1622 ιιι,
1020 1571 1035 1623 7
1046 1571 1053 1608 ε
1064 1575 1080 1604 a
1089 1553 1186 1621 Quum

140 1643 172 1698 id
186 1654 285 1699 vetare
298 1642 440 1700 beneficio
458 1645 528 1720 legis
542 1644 681 1700 Memmia·
698 1644 811 1716 liceret,
825 1663 889 1718 quae
904 1663 1004 1700 eorum
1018 1642 1068 1718 qui
1085 1641 1186 1716 reipu-

137 1735 219 1791 blicae
233 1754 318 1792 causa
334 1737 464 1792 abessent
481 1737 570 1810 recipi
583 1737 702 1792 nomina
714 1737 845 1808 vetabat,
862 1736 893 1791 in
906 1737 1016 1794 Urbem
1029 1747 1187 1805 tamenne-

135 1829 231 1908 *currit
245 1827 305 1904 (Sc.
322 1832 362 1884 Μ,
377 1829 546 1906 Antonius).
561 1854 577 1882 a

184 1923 329 1998 Obligare.
352 1924 386 1992 ii.
402 1941 426 1978 e.
446 1921 587 1978 beneficio
608 1923 662 1978 sibi
680 1923 834 1980 devincire.
850 1923 926 1996 Cic,
945 1925 1068 1990 Famil,
1084 1927 1162 1992 v132
1179 1940 1187 1976 ε
1220 1911 1227 1921 '

139 2039 150 2062 a
171 2014 351 2074 Dolabellam
373 2025 454 2072 antea
488 2016 686 2072 tantummodo
713 2016 883 2092 diligebam
906 2015 1048 2092 obligatae
1068 2013 1095 2071 ei
1115 2011 1187 2068 nihil

138 2123 231 2176 eram,
244 2125 322 2162 nturc
339 2117 418 2162 tanto
434 2127 494 2162 sum
510 2107 660 2163 devinctus
674 2109 735 2180 ejus
751 2107 927 2164 beneficio.»

182 2197 245 2253 Sibi
255 2200 434 2274 recepissent.
450 2201 516 2255 Plus
534 2198 674 2275 significat
688 2219 774 2274 quam
788 2200 931 2273 polliceri,
945 2209 978 2256 ut
987 2199 1059 2270 Cic,
1076 2198 1183 2264 Dicin„

139 2312 164 2360 1,
179 2311 198 2366 9
212 2311 221 2345 ι
236 2292 400 2367 «Quidque
413 2293 500 2349 sibiis
514 2294 550 2349 de
564 2314 609 2350 me
625 2294 809 2368 recepisset.»
826 2294 905 2350 idem
919 2295 961 2349 ad
973 2295 1050 2360 Ata,
1065 2310 1140 2363 xm,
1157 2309 1186 2346 ιε

138 2410 151 2432 «ι
164 2384 309 2454 Quoniam
323 2385 359 2441 de
378 2396 471 2442 aestate
489 2385 644 2459 polliceris,
657 2388 704 2441 vel
717 2386 814 2461 potius
828 2386 937 2460 recipie.
953 2409 969 2437 e

179 2477 247 2532 Cae.
262 2477 373 2533 XXIV.
393 2481 509 2534 Lucam.
529 2481 606 2533 Dum
619 2480 724 2535 Noster
738 2481 845 2534 Lucam
859 2479 955 2534 Galliae
969 2477 1116 2550 (isalpinae
1134 2495 1187 2530 ur-

136 2568 205 2623 bem
224 2585 285 2624 esse
304 2568 387 2639 dicit,
401 2570 486 2640 Plin,
507 2572 541 2625 Η.
562 2571 614 2635 N.‚
635 2590 689 2640 111,
710 2571 740 2639 5,
755 2573 816 2625 eam
834 2569 956 2626 Etruriae
968 2571 1040 2624 vult.
1057 2569 1186 2638 Cluver„

135 2663 204 2716 Ital.
223 2665 306 2729 Ant,
328 2682 356 2733 1,
371 2662 405 2734 8,
425 2681 461 2734 a,
476 2664 560 2719 docet
578 2662 699 2717 Etmriae
715 2663 816 2718 urbem
831 2681 906 2732 esse;
923 2661 974 2717 sed
987 2661 1037 2716 illo
1057 2670 1187 2732 tempore

135 2751 174 2808 ad
188 2753 337 2829 Liguriam
351 2773 412 2810 eam
429 2754 598 2828 pertinuisse
612 2754 752 2829 usquead
764 2759 876 2810 Arnum
888 2751 1008 2809 fluvium
1021 2751 1186 2827 proceden-

136 2857 212 2917 tem,
235 2858 264 2902 et
280 2859 391 2921 partem
407 2849 502 2904 Gallia
517 2848 672 2921 Cisalpinae.
791 2868 795 2876 ·

181 2941 417 3015 Quinquennium.
431 2941 599 2998 Triennium
613 2941 643 2996 in
661 2941 764 3012 Dion,
779 2959 884 3012 xxxix,
906 2941 960 3012 333
982 2950 1083 2997 contra
1098 2945 1193 3012 quem'

135 3032 267 3106 disputat
280 3033 403 3105 Schuta,
422 3034 452 3090 in
473 3034 529 3090 Cic.
545 3035 587 3088 ad
600 3038 675 3100 Aa,
690 3051 752 3104 ιιι,
766 3053 793 3107 9.

176 3125 390 3199 Prorogare’tar.
408 3127 529 3182 Addunt
548 3125 596 3182 alii
616 3145 623 3180 :
647 3125 788 3200 aperiecit
803 3135 971 3198 utrumque,
984 3147 999 3174 a
1016 3143 1080 3198 quae
1097 3123 1185 3179 Wolf.

133 3227 164 3273 et
173 3217 215 3272 Ci.
227 3218 302 3272 Hase
316 3218 413 3291 spuria
420 3218 589 3274 existimant.
604 3218 762 3273 casaubon.
776 3218 804 3271 h.
822 3219 839 3272 l.
855 3216 895 3272 sic
910 3216 1063 3271 emendat:
1078 3215 1186 3272 «iecit-

133 3329 195 3384 que
212 3329 267 3384 per
281 3323 437 3386 utrumque
455 3324 488 3368 ut
506 3313 536 3367 in
556 3311 801 3386 quinquennium,
815 3321 868 3365 etc.
886 3333 898 3358 n

176 3404 304 3458 Alauda.
319 3405 411 3461 Docet
425 3404 514 3475 Pliu,
527 3406 562 3462 H.
583 3406 636 3471 N.‚
652 3423 698 3474 ιι,
716 3411 751 3470 44
769 3422 776 3456 :
792 3420 906 3476 «parrae
923 3402 969 3458 avi
984 3401 1039 3478 (ee.
1055 3419 1128 3475 apex
1142 3412 1184 3457 est

133 3496 166 3550 in
183 3493 301 3569 capite),
316 3515 380 3570 quae
392 3497 428 3552 de
437 3497 487 3552 iilo
500 3497 617 3574 galerita
635 3497 776 3570 appellata
792 3493 955 3570 quondm,
969 3505 1070 3568 postea
1083 3494 1185 3569 gallico

132 3589 281 3644 vocabulo
300 3589 384 3646 etiam
403 3591 511 3667 legioni
529 3609 635 3646 nomen
654 3590 773 3646 dederat
794 3591 951 3644 Alaudae.»

175 3669 338 3742 Disciplina
357 3673 493 3745 cultuque.
515 3671 742 3744 —Discipliaffi
762 3669 884 3724 docente
903 3669 990 3738 Hace,
1006 3665 1132 3740 pertinet
1147 3667 1185 3721 ad

130 3771 227 3816 artem
243 3781 413 3838 moremque
432 3763 572 3833 militum3
590 3765 681 3817 cultus
696 3761 734 3818 ad
748 3779 825 3816 arma
844 3771 873 3816 ct
886 3771 985 3816 vestes.

177 3854 353 3910 Dedearlam.
368 3855 505 3911 Solebant
521 3854 596 3913 enim
612 3854 735 3910 Romani
748 3854 951 3927 imperatorem
966 3852 1047 3906 iilum
1061 3851 1185 3925 quisine

128 3949 390 4004 senatusconsulto,
405 3947 478 4022 quid
505 3948 627 4018 fecerat,
650 3945 780 4002 hostibus
798 3944 904 4000 dedere
931 3943 1051 3998 nudum.
1072 3944 1186 3999 Occur-

128 4049 204 4093 rtmt
222 4040 391 4114 exemplam
409 4041 548 4115 Appiam,
562 4042 596 4095 B.
609 4041 689 4114 Hisp.
697 4080 706 4106 ‚
721 4059 750 4112 p.
770 4040 836 4096 302.
852 4038 940 4107 Veli,
955 4055 992 4106 ιι,
1011 4056 1039 4108 ι,
1055 4036 1084 4105 53
1094 4038 1184 4106 idon,

129 4149 181 4201 ιι,
201 4131 248 4190 ι8.
