3098 5446
423 497 478 556 aba
819 499 848 554 C.
868 496 1041 553 811ssth
1108 577 1111 585 Ι

423 620 545 689 millata
569 636 601 688 et
628 619 793 714 phalerata
825 645 898 687 cum
922 622 1089 688 Mazacum
1116 619 1208 686 turba
1235 631 1332 711 atque
1358 643 1431 687 cur·
1538 599 1539 602 Ἴ

422 764 543 808 sorum

471 859 593 925 XXXI.
622 859 696 926 Non
724 858 757 924 in
779 856 842 924 alia
865 881 900 924 re
927 871 1033 924 tamen
1059 856 1254 940 damnosior,
1278 880 1377 949 quam
1401 857 1432 923 in

425 974 791 1044 edificando.'Domum
821 999 840 1043 a
866 972 992 1043 Palatio
1018 973 1178 1066 Esquilias
1204 997 1306 1067 usque
1336 974 1433 1058 lecit,

426 1093 648 1186 quamprimo
673 1094 929 1174 Transieram,
950 1117 1045 1180 mox,
1065 1091 1214 1160 incendio
1233 1091 1433 1173 absumtam‚

423 1212 688 1304 restitutamque,
704 1214 854 1280 Aureum
876 1211 1064 1279 nominavit„
1086 1211 1136 1280 De
1155 1210 1246 1302 cujus
1263 1211 1368 1302 spatio
1383 1223 1434 1275 at·

422 1353 486 1420 que
501 1328 591 1398 cultu
609 1329 773 1398 suffecerit
788 1330 857 1399 boc
876 1327 1032 1398 retulisse.
1046 1326 1252 1398 Vestibulum
1267 1329 1336 1420 ejus
1354 1328 1432 1412 fuit,

422 1448 454 1514 in
475 1455 542 1539 quc
561 1445 703 1516 colossus
722 1461 852 1516 centum
870 1449 985 1542 viginti
1003 1445 1122 1540 pedum
1142 1461 1239 1516 staret
1266 1448 1367 1539 ipsius
1390 1446 1433 1514 ef·
1514 1447 1519 1456 '

424 1565 521 1659 figie3
553 1581 642 1635 tanta
678 1565 813 1650 laxitas,
842 1580 879 1634 ut
909 1565 1055 1658 porticus
1093 1564 1234 1659 triplices
1270 1563 1433 1632 milliarias

424 1683 579 1768 haberet3
615 1685 693 1753 item
726 1699 877 1779 stagnum
904 1686 1002 1753 maris
1030 1685 1149 1771 instar,
1183 1685 1433 1776 circumseptum

420 1801 562 1872 aediliciis
585 1802 627 1872 ad
647 1804 777 1872 urbium
795 1804 952 1897 speciem;
968 1825 1045 1871 rurs
1065 1803 1209 1896 insuper,
1228 1801 1313 1870 arvis
1335 1816 1433 1892 atque

421 1922 558 2006 vinetis,
590 1935 623 1990 et
650 1913 777 2014 pascuis
807 1919 959 2013 silvisque
988 1922 1096 2007 varia,
1124 1945 1200 1990 cum
1227 1917 1433 1988 multitudine

421 2038 525 2106 omnis
546 2041 671 2131 generis
689 2038 849 2133 pecudum
872 2065 910 2108 ac
929 2040 1080 2108 ferarum.
1099 2042 1137 2106 ln
1157 2039 1270 2108 ceteris
1287 2037 1433 2132 partibus

421 2169 539 2224 cuncta
554 2179 634 2224 auro
651 2155 726 2239 lita,
745 2155 895 2226 distincta
913 2159 1046 2251 gemmis
1067 2157 1289 2249 unionumque
1300 2155 1433 2224 conchis

422 2287 525 2342 erant.
551 2275 757 2343 Coenationes
783 2273 941 2368 laqueatae
961 2273 1079 2344 tabulis
1103 2273 1253 2343 eburneis
1278 2271 1434 2342 versatili·

420 2390 497 2479 bus,
518 2407 556 2461 ut
580 2392 695 2479 flores,
712 2392 879 2481 fistulatis,
901 2409 938 2462 ut
962 2407 1126 2488 unguenta
1151 2393 1289 2486 desuper
1306 2416 1437 2486 sparge-

421 2525 544 2578 rentur.
566 2513 732 2604 Praecipua
759 2513 977 2580 coeuatiouum
998 2511 1159 2596 rotunda,
1176 2535 1247 2602 quse
1272 2525 1433 2606 perpetuo

419 2627 531 2698 diebus
549 2653 587 2698 ac
603 2629 753 2698 noctibus
769 2631 839 2698 vice
855 2631 968 2698 mundi
980 2631 1254 2724 circumageretur
1271 2654 1279 2695 ε
1298 2627 1436 2698 balineae

419 2747 551 2816 marinis
585 2762 618 2816 ct
641 2745 767 2816 Albulis
795 2747 933 2817 lluentes
967 2749 1069 2840 aquis.
1099 2747 1269 2839 Ejusmodi
1297 2746 1436 2816 domum

419 2888 520 2956 quum
543 2863 725 2934 absolutam
742 2865 927 2950 dedicaret,
943 2867 1101 2935 hactenus
1118 2865 1358 2959 comprobavit,
1378 2879 1439 2949 ut,

419 3006 524 3063 «sem
544 2981 685 3069 diceret,
704 2986 824 3076 «quasi
851 2983 1016 3052 hominem
1043 2983 1177 3052 tandem·
1198 2983 1345 3054 habitare
1370 3008 1441 3052 coe·

420 3101 513 3192 pisse.
528 3130 545 3166 s
563 3105 720 3170 Praeterea
737 3103 912 3172 inchoabat
928 3104 1084 3196 piscinam
1102 3127 1121 3170 a
1135 3104 1262 3171 Miseno
1279 3102 1320 3170 ad
1334 3105 1442 3171 Aver-

420 3241 497 3284 num
516 3217 621 3286 lacum
632 3269 641 3306 ,
652 3233 852 3307 contectam,
866 3223 1108 3315 porticibusque
1126 3219 1330 3304 conclusam,
1347 3245 1445 3314 quo,

419 3336 571 3428 quicquid
589 3338 665 3406 totis
685 3339 775 3408 Baiis¹
796 3338 973 3408 calidarum
993 3365 1150 3432 aquarum
1177 3355 1279 3426 esset,
1298 3365 1447 3408 conver·
1538 3405 1539 3414 ,

420 3467 541 3522 teretur
561 3455 703 3524 :fossam
726 3458 767 3525 ab
783 3463 913 3528 Averno
933 3459 1058 3528 Ostiam
1081 3483 1202 3550 usque,
1221 3472 1256 3525 ut
1276 3459 1448 3545 navibus,

419 3596 478 3642 nec
500 3587 610 3642 tamen
628 3576 730 3660 mari,
749 3576 861 3663 iretur,
879 3575 1090 3670 longitudinis
1112 3603 1170 3670 per
1194 3592 1326 3645 centum
1346 3603 1452 3646 sexa·

420 3691 508 3784 ginta
534 3691 654 3777 millia3
681 3683 876 3778 latitudinis,
902 3720 968 3789 que
990 3697 1160 3764 contraries
1186 3696 1453 3788 quinqueremes

418 3826 644 3880 commearent.
671 3813 820 3899 Quorum
848 3840 984 3909 operum
1009 3815 1276 3906 perficiendorum
1307 3817 1455 3908 gratia,

419 3929 506 4020 quod
524 3930 645 4022 ubique
661 3946 744 4000 esset
760 3932 913 4002 custodire
923 3985 933 4021 ‚
944 3936 978 4001 in
997 3931 1124 4002 ltaliam
1140 3933 1326 4028 deportari,
1341 3935 1458 4002 etiam

420 4047 535 4118 scelere
553 4051 719 4119 convictos
736 4075 801 4118 non
821 4052 882 4120 nisi
899 4051 938 4120 ad
953 4075 1034 4145 opus
1048 4052 1213 4139 damnari,
1227 4069 1457 4146 preceperat.
