3138 5438
418 492 451 550 n,
818 477 847 531 c.
866 475 1041 532 sueroun

416 605 531 702 petitio
554 601 687 672 secundi
710 600 899 670 consulatus
921 599 1081 668 daretur:
1102 623 1198 672 neea
1220 620 1317 666 causa
1337 611 1458 664 matu·

418 727 506 810 rius,
531 736 565 791 et
591 719 781 814 imperfecto
809 719 917 787 adhuc
943 718 1050 804 bello,
1077 716 1257 785 decederet.
1282 716 1383 804 Quod
1406 731 1442 784 ut

418 842 555 937 adeptus
571 855 640 925 est,
659 838 775 907 altiora
790 838 858 930 jam
878 836 1060 921 meditans,
1076 851 1110 904 et
1128 839 1196 928 spei
1215 834 1350 928 plenus,
1368 834 1442 904 nul·

419 961 488 1030 lum
515 958 716 1052 largitionis,
740 971 796 1024 aut
824 955 1007 1024 officiorum
1034 955 1069 1022 in
1098 978 1296 1047 quemquam
1321 979 1443 1046 genus,

420 1076 550 1173 publice
567 1072 922 1170 privatimqueomisit.
941 1077 1063 1144 Forum
1080 1072 1120 1141 de
1135 1073 1297 1140 manubiis
1314 1073 1445 1140 inchoa-

420 1198 485 1279 vit3
498 1195 593 1287 cujus
609 1217 686 1262 area
702 1217 800 1284 super
812 1191 999 1260 sestertium
1016 1187 1134 1258 millies
1151 1191 1306 1258 constitit.
1323 1192 1446 1259 Munus

421 1304 544 1408 populo
555 1309 755 1405 epulumque
767 1311 991 1403 pronuntiavit
1006 1309 1040 1376 in
1054 1306 1126 1376 filiae
1140 1310 1346 1396 memoriam,
1358 1307 1447 1401 quod

422 1445 593 1499 antaeum
613 1453 719 1497 nemo.
739 1429 893 1516 Quorum
911 1443 948 1496 ut
969 1453 1067 1520 quam
1090 1427 1231 1498 maxima
1249 1427 1448 1520 exspectatio

421 1561 523 1634 esset,
542 1571 601 1634 ea,
620 1571 692 1640 quae
709 1547 750 1615 ad
769 1546 901 1640 epulum
923 1548 1145 1640 pertinerent,
1164 1545 1312 1639 quamvis
1331 1542 1449 1614 macel-

424 1665 511 1736 lariis
532 1665 701 1752 abluente,
724 1667 821 1734 etiam
844 1665 1081 1734 domesticatim
1104 1664 1291 1758 apparabat.
1313 1663 1450 1734 Gladia-

424 1799 510 1854 tores
527 1799 645 1869 notos,
665 1784 767 1852 sicubi
789 1783 914 1852 infestis
931 1783 1167 1876 spectatoribus
1186 1781 1401 1870 dimicarent,
1419 1783 1450 1850 vi
1478 1853 1481 1858 ,

423 1901 596 1996 rapiendos
617 1901 894 1994 reseruandosque
920 1901 1106 1970 mandabat.
1129 1902 1267 1970 Tirones
1289 1925 1396 1992 neque
1419 1901 1451 1966 in

425 2019 523 2106 ludo,
550 2045 656 2112 neque
679 2045 738 2113 per
764 2019 916 2106 lanistas,
938 2020 994 2089 sed
1014 2022 1048 2088 in
1073 2019 1225 2088 domibus
1245 2044 1305 2113 per
1325 2020 1453 2111 equites

426 2163 598 2226 romanos,
621 2153 720 2232 atque
744 2140 841 2207 etiam
866 2164 925 2232 per
950 2152 1114 2208 senatores
1137 2163 1305 2208 armorum
1330 2139 1453 2232 peritos

425 2257 615 2343 erudiebat3
631 2258 781 2352 precibus
798 2259 943 2345 enitens,
961 2257 1050 2351 quod
1064 2256 1208 2350 epistolis
1224 2259 1293 2350 ejus
1308 2255 1455 2326 ostendi·

426 2391 501 2464 tur,
531 2391 570 2445 ut
599 2375 805 2470 disciplinam
836 2376 1042 2472 singulorum
1075 2379 1298 2471 susciperent,
1327 2377 1457 2470 ipsique

426 2495 547 2564 dictata
567 2497 790 2566 exercentibus
812 2496 938 2565 darent.
964 2497 1166 2590 Legionibus
1192 2495 1392 2590 stipendium
1421 2497 1455 2562 iu

426 2631 622 2710 perpetuum
640 2613 830 2710 duplicavit.
848 2621 1084 2702 Frumentum,
1102 2618 1228 2708 quoties
1242 2615 1338 2708 copia
1351 2629 1457 2698 esset,

427 2737 525 2804 etiam
542 2737 612 2802 sine
630 2733 728 2802 modo
746 2759 962 2827 mensuraque
980 2736 1136 2829 praebuit3
1153 2759 1191 2802 ac
1208 2732 1336 2826 singula
1354 2735 1477 2802 inter-⁸,

427 2854 506 2922 dum
523 2853 684 2945 mancipia
702 2877 742 2920 ex
759 2852 869 2945 praeda
887 2854 1009 2921 viritim
1029 2853 1127 2922 dedit.

475 2973 615 3040 xxvll.
641 2967 693 3038 Ad
711 2970 917 3040 retinendam
937 2986 1048 3040 autern
1071 2973 1219 3065 Pompeii
1241 2970 1462 3042 necessitudi-

428 3111 505 3156 nem
529 3111 569 3155 ac
594 3085 817 3174 voluntatem,
844 3089 1036 3176 Octaviam,
1063 3091 1184 3159 sororis
1209 3115 1275 3160 suat
1300 3105 1462 3184 neptem,

430 3229 503 3296 quae
524 3207 560 3274 C.
582 3203 741 3274 Marcello
767 3221 871 3300 nupta
899 3221 989 3290 erat,
1012 3207 1234 3276 conditionem
1262 3211 1291 3277 ei
1317 3207 1464 3294 detulit,

429 3322 556 3414 sibique
572 3321 674 3392 liliam
690 3325 760 3416 ejus
778 3325 812 3392 in
829 3326 1076 3394 matrimonium
1093 3327 1203 3418 petiit,
1220 3330 1341 3396 Fausto
1358 3325 1466 3396 Sullae

429 3437 635 3510 destinatam.
650 3441 814 3510 Omnibus
828 3467 906 3510 vero
920 3444 1008 3512 circa
1022 3469 1115 3531 eum,
1133 3439 1231 3536 atque
1248 3446 1346 3514 etiem
1363 3459 1466 3537 parte

430 3583 548 3652 magna
563 3573 708 3644 senatus,
725 3562 886 3653 gratuito,
904 3576 962 3628 aut
979 3559 1042 3630 levi
1060 3562 1200 3648 faenore,
1216 3563 1402 3650 obstrictis,
1423 3563 1484 3633 ex'

429 3675 555 3769 reliquo
571 3701 702 3770 quoque
714 3676 869 3746 ordinum
883 3702 1017 3772 genere,
1029 3679 1080 3748 vel
1092 3683 1261 3768 invitatos,
1275 3679 1326 3748 vel
1339 3696 1468 3772 sponte

428 3793 520 3864 adse
542 3811 781 3881 commeantes,
800 3789 974 3866 uberrimo*
987 3800 1153 3892 congiario
1173 3799 1439 3893 persequebatur
1459 3827 1467 3868 :

429 3912 562 3982 libertos
590 3915 724 4010 insuper
748 3914 959 4009 seruulosque
987 3919 1164 4010 cujusque,
1194 3933 1293 4012 prout
1321 3917 1471 3986 domino

429 4047 609 4124 patronoue
627 4049 741 4129 gratus
758 4036 831 4126 quis
856 4049 949 4104 esset.
970 4039 1055 4104 Tum
1078 4060 1229 4122 reorum,
1252 4050 1310 4104 aut
1335 4035 1473 4104 obaera·
