3114 5446
566 575 677 634 mu.
1076 579 1133 636 235

116 716 224 788 erant,
241 701 411 770 restitutus
429 701 464 768 in
481 701 640 794 patriam,
661 693 878 794 amplissimos
894 701 1037 771 honores
1055 723 1131 797 per·

116 821 324 890 cucurritanc
333 818 472 890 subinde
481 817 701 916 redintegrata
708 815 906 888 dissensione
914 818 1132 910 civili‚eidem

115 940 257 1010 Antonio
277 937 424 1034 legatus,
443 936 584 1009 delatam
602 938 663 1008 sihi
680 961 840 1008 summam
865 938 994 1037 imperii
1011 940 1055 1009 ab
1070 942 1134 1026 iis,

114 1057 391 1154 quoscleopatrae
408 1057 575 1154 pudebat,
595 1081 702 1155 neque
716 1058 897 1154 suscipere,
916 1081 1023 1153 neque
1037 1083 1132 1130 recis-

115 1178 341 1269 cnfidenter,
352 1193 490 1274 propter
498 1177 638 1248 subitam
656 1175 891 1268 valetudinem,
906 1199 1020 1268 ausus,
1031 1191 1133 1248 truns-

115 1300 149 1366 iit
167 1297 212 1368 ad
228 1303 414 1394 Augustum
432 1322 441 1366 τ
460 1311 494 1368 et
519 1299 554 1367 in
577 1295 692 1368 diebus
716 1296 828 1390 paucis
851 1295 949 1384 obiit,
971 1295 1132 1368 nonnulla
1159 1343 1162 1348 -

115 1419 227 1510 etipse
243 1417 379 1487 infamia
398 1441 557 1512 aspersus.
579 1419 666 1490 Nem
683 1416 862 1503 Antonius,
881 1439 956 1484 curn
972 1411 1132 1486 desiderio

115 1536 223 1604 amicae
242 1533 385 1604 Servilia
402 1533 518 1606 Naidis
535 1533 766 1630 hunsfirgisse,
781 1534 925 1628 jactavit.

158 1654 358 1746 1V.Exhoe
370 1655 535 1724 Domitius
551 1655 707 1739 nascitur,
723 1677 821 1746 quem
833 1667 991 1724 emtorem
1005 1653 1133 1726 familiae

115 1775 322 1868 pecuniaeque
346 1778 380 1842 in
407 1788 600 1844 testamento
621 1773 761 1871 Augusti
784 1769 902 1864 hine,
933 1799 1009 1844 mox
1034 1774 1133 1872 vulgo

114 1906 263 1962 notatum
280 1905 347 1978 est;
365 1917 432 1962 non
450 1894 560 1962 minus
581 1891 755 1986 aurigandi
773 1907 844 1965 arte
862 1894 898 1962 in
917 1891 1134 1964 adolescentia

113 2009 233 2098 clanis,
252 2035 352 2104 quam
371 2011 489 2080 deinde
509 2011 709 2081 ornamentis
729 2010 982 2106 triumphalibus
1000 2035 1040 2080 ex
1058 2035 1132 2106 ger·

114 2131 240 2198 manino
257 2127 355 2198 hello.
375 2131 500 2200 Verum
518 2153 689 2224 arrogans,
706 2128 877 2224 profusus,
897 2131 1044 2220 immitis,
1063 2155 1135 2202 cen·
1223 2171 1227 2180 ·

114 2271 220 2316 sorem
247 2249 288 2315 L.
311 2245 468 2318 Plancum
496 2249 549 2318 via
575 2249 637 2317 sihi
666 2246 822 2319 decedere
850 2247 952 2319 aedilis
983 2250 1093 2346 coegit
1125 2277 1134 2320 s

113 2382 262 2458 preturoe
283 2365 535 2460 consulatumque
554 2367 695 2456 honore,
709 2368 835 2461 equites
848 2393 1002 2438 romanos
1017 2383 1136 2440 metro

112 2507 236 2578 nosque
272 2483 315 2554 ad
349 2483 513 2580 agendum
550 2487 687 2555 mimum
726 2485 882 2580 produxit
922 2489 956 2558 in
992 2511 1134 2558 scenam.

113 2603 312 2674 Venationes
325 2619 359 2673 et
373 2606 408 2674 in
422 2604 537 2690 Circo,
552 2619 585 2674 et
599 2629 634 2674 sn
651 2605 805 2674 omnihus
817 2605 916 2676 Urbis
932 2607 1136 2701 regionibus,

111 2719 226 2791 dedit:
244 2747 365 2792 munus
378 2722 745 2818 etiem-gladiatorium
763 2721 819 2793 sed
837 2738 927 2793 tanta
944 2726 1081 2811 saevitia,
1098 2741 1136 2795 ut

112 2864 243 2912 necesse
266 2842 366 2912 fuerit
390 2846 556 2936 Augusto,
583 2840 668 2911 clam
693 2841 816 2912 frustra
844 2843 1005 2912 monitum
1029 2841 1136 2913 edicto

110 2983 270 3030 coerce-e.

159 3085 201 3152 V.
231 3085 283 3152 Ex
302 3083 447 3152 Antonia
473 3083 597 3176 majore
620 3097 746 3176 patrem
770 3082 913 3154 Neronis
938 3083 1137 3176 procreavit,

110 3201 203 3269 onmi
214 3217 309 3295 parte
322 3203 397 3270 vitm
413 3199 648 3270 detestabilem.
659 3199 828 3294 Siquidem
844 3225 952 3271 comes
966 3201 1008 3270 ad
1020 3203 1138 3272 Orien·

111 3336 177 3389 tem
192 3325 234 3391 C.
246 3324 380 3392 Cosanis
394 3311 542 3416 juvenis,
554 3324 663 3392 occiso
680 3321 797 3392 liberto
811 3345 890 3410 suo,
902 3320 992 3417 quod
1005 3337 1137 3417 potare,

109 3456 278 3532 quantum
310 3441 502 3536 jubebatur,
540 3456 724 3530 recusarat,
759 3440 911 3512 dimissus
949 3467 967 3510 e
1004 3441 1138 3510 cohorte

108 3561 314 3645 amicorum,
335 3558 438 3630 nihilo
454 3560 633 3632 modestius
648 3563 739 3630 vixit.
757 3559 822 3630 Sed
840 3575 874 3630 et
893 3562 928 3630 in
949 3563 1009 3630 viae
1025 3560 1139 3654 Appia

108 3679 187 3748 vieo
203 3695 338 3772 repente
354 3704 512 3774 puerum,
527 3681 632 3750 citatis
645 3681 818 3775 jumentis,
831 3679 920 3749 haud
936 3682 1068 3774 ignarus
1080 3680 1139 3748 ob·

108 3797 225 3885 trivit3
247 3813 281 3866 et
299 3802 414 3868 Rome
431 3799 540 3868 medio
559 3797 645 3868 Foro
672 3797 803 3867 cuidam
822 3800 923 3892 equiti
942 3821 1078 3867 wmnno
1097 3795 1137 3866 li·

106 3914 224 3986 herine
237 3918 386 4013 jurganti
412 3917 543 3988 oculum
564 3921 677 3988 eruit:
699 3917 842 4013 perfidias
868 3943 945 3988 vero
964 3905 1082 4004 tantae,
1101 3931 1139 3986 ut

107 4059 183 4105 non
205 4037 304 4106 modo
321 4039 523 4134 argentarios
539 4041 650 4132 pretiis
669 4063 780 4108 rerum
796 4051 1017 4125 cucumerum,
1034 4035 1089 4104 sed
1106 4055 1139 4104 ct

107 4157 145 4222 in
174 4171 317 4247 praetura
340 4156 488 4226 mercede
512 4155 694 4251 palmarum
721 4156 900 4251 aurigarios
930 4154 1136 4240 insudaverit.
