3098 5446
91 461 1117 488 mmmmfflwssmmmwmmfflwm

174 742 228 844 C.
256 739 574 848 SUETONlI
601 737 1019 864 TRANQUILLI

409 1036 769 1184 GALBA.

526 1409 658 1426 ...ο-.-

84 1677 106 1742 Ι.
130 1617 340 1744 lironem
358 1675 526 1742 Caesarum
544 1671 579 1738 in
601 1671 732 1738 Nerone
749 1669 871 1738 defecit
890 1697 898 1739 :
920 1670 1010 1765 quod
1028 1672 1117 1744 lutu-

84 1817 170 1880 rum,
186 1791 417 1886 compluribus
436 1790 569 1884 quidem
584 1791 704 1885 signis,
721 1790 779 1860 sed
799 1788 850 1858 vel
864 1791 1119 1862 evidentissimis

84 1913 224 2001 duobus,
240 1915 406 2007 apparuit.
427 1913 530 1982 Liviae
552 1910 649 1999 olim,
665 1926 740 2005 post
761 1914 906 2006 Augusti
924 1915 1037 1982 statim
1055 1939 1118 1986 nu-

83 2035 160 2127 ptias
178 2026 402 2104 Veientanum
426 2059 522 2113 suum
548 2033 722 2120 reuisenti,
748 2032 982 2128 praetervolans
1008 2034 1120 2129 aquila

82 2152 230 2247 gallinam
248 2153 383 2244 albam,
395 2154 562 2236 ramulum
582 2152 667 2223 lauri
684 2169 793 2222 rostro
807 2169 999 2244 tenentem,
1018 2158 1064 2225 ita
1082 2172 1120 2226 ut

82 2290 248 2368 rapuerat,
274 2276 405 2344 demisit
429 2278 463 2344 in
488 2276 682 2370 gremium:
706 2301 880 2370 quumque
910 2279 1032 2348 nutriri
1061 2279 1119 2350 ali·

82 2409 163 2483 tem,
182 2399 283 2492 pangi
300 2395 467 2466 ramulum
480 2395 677 2492 placuisset,
698 2412 789 2466 tanta
806 2397 974 2491 pullorum
991 2397 1121 2468 soboles

10 2575 11 2584 ,
82 2518 251 2610 provenit,
271 2532 309 2587 ut
329 2516 430 2587 hodie
452 2542 587 2610 quoque
609 2541 647 2586 ea
669 2515 748 2586 villa
768 2518 821 2587 ad
844 2519 1001 2588 Gallinas
1026 2545 1121 2588 voce-

10 2671 11 2738 }
80 2649 150 2721 tur;
170 2635 237 2705 tale
258 2661 339 2706 vero
359 2635 543 2723 lauretum,
563 2651 601 2705 ut
622 2637 858 2730 triumphaturi
877 2639 1023 2706 Caesares
1044 2639 1121 2708 inde
1163 2691 1165 2696 -

84 2751 207 2826 laureas
224 2755 439 2852 decerperent
457 2783 464 2823 :
485 2757 613 2849 fuitque
632 2765 704 2824 mos
728 2756 1030 2850 triumphantibus,
1048 2757 1121 2827 illas

80 2877 249 2947 confestim
266 2877 383 2946 eodem
400 2877 474 2946 loco
494 2901 638 2972 pangere
657 2903 664 2944 :
684 2891 718 2944 et
737 2877 951 2947 observatum
967 2891 1036 2962 est,
1057 2880 1120 2947 sub

79 2998 237 3092 cujusque
263 2999 392 3068 obitum
424 2997 601 3085 arborem,
626 2998 668 3065 ab
694 2999 767 3092 ipso
796 2975 1003 3084 inslitutam,
1032 2998 1121 3068 elan·

79 3117 193 3208 guisse.
210 3121 301 3212 Ergo
319 3117 498 3186 novissimo
517 3118 659 3186 Neronis
675 3141 764 3185 anno
782 3131 815 3185 et
830 3108 919 3185 silvai¹
926 3120 1034 3187 omnis
1052 3143 1122 3188 exa·

79 3237 143 3304 ruit
160 3236 343 3324 radicitus,
363 3252 397 3306 et
414 3235 574 3330 quicquid
587 3237 632 3304 ibi
647 3235 846 3330 gallinarum
860 3253 951 3324 erat,
970 3225 1120 3308 interiit:

77 3379 111 3422 ac
127 3356 271 3426 subinde
285 3371 373 3426 tacta
388 3357 429 3426 de
441 3355 522 3426 coelo
541 3359 709 3426 Caesarum
727 3356 817 3443 aede,
836 3359 946 3452 capita
965 3360 1120 3427 omnibus

77 3475 172 3547 simul
195 3479 541 3565 statuis·deciderunt;
556 3480 698 3572 Augusti
713 3479 812 3547 etiam
833 3495 1001 3570 sceptrum
1017 3505 1036 3548 e
1054 3505 1122 3549 ma·

76 3601 169 3670 nibus
189 3625 367 3671 excussum
385 3617 445 3671 est.

119 3723 164 3790 Π.
191 3723 322 3792 Neroni
338 3720 452 3790 Galba
476 3722 650 3807 successit,
675 3720 768 3790 nullo
794 3721 898 3814 gradu
924 3723 1120 3813 contingens

75 3839 240 3910 Caesarum
267 3841 424 3929 domum,
451 3841 508 3910 sed
534 3840 749 3910 hauddubie
777 3838 1020 3924 nobilissimus,
1050 3863 1120 3906 ma-

74 3985 205 4056 gnaque
223 3978 255 4031 et
271 3977 380 4032 vetere
396 3949 571 4056 prosapia,
590 3977 626 4031 ut
644 3963 700 4055 qui
720 3976 904 4030 statuarum
924 3958 1027 4028 titulis
1041 3983 1119 4052 pro·

74 4097 231 4174 nepotem
254 4107 289 4150 sc
314 4084 357 4171 Q.
379 4080 488 4151 Catuli
518 4080 698 4176 Capitolini
729 4105 858 4175 semper
888 4069 1119 4172 adscripserit;

225 4225 259 4270 ιι.
957 4223 967 4266 1
