3138 5438
480 545 508 598 C.
528 543 655 599 tumus
670 541 806 599 cffisntt.
1125 543 1159 611 37

132 675 248 742 Scaevae
266 669 487 751 centurionis,
505 664 561 732 vel
575 669 612 734 C.
631 663 725 734 Acilii
743 661 855 732 militis
875 688 881 729 :
901 688 942 730 ne
958 662 997 729 de
1012 661 1161 755 pluribus

131 789 278 856 referam.
308 789 439 868 θωνα,
465 807 604 851 excusso
631 780 748 868 oculo,
776 780 954 850 transfixus
980 780 1102 850 femore
1128 797 1160 850 et

131 908 432 992 bumer0,.centum
447 917 480 968 et
493 900 738 993 ,vigintiictibus
751 914 845 966 scuto
859 899 1040 992 perforato,
1054 916 1159 970 custo·
1234 929 1241 936 ·

136 1025 217 1092 diam
236 1036 343 1116 porta
358 1020 522 1088 commissi
541 1017 664 1086 castelli
683 1018 829 1085 retinuit.
851 1016 977 1085 llcilius
995 1017 1102 1086 navali
1119 1021 1160 1088 ad

133 1139 313 1209 Massiliam
336 1135 471 1231 proelio,
493 1136 611 1228 injecta
637 1136 670 1202 iu
695 1159 838 1228 puppem
860 1135 1004 1204 hostium
1027 1135 1160 1228 dextra,

134 1275 163 1327 et
185 1259 353 1344 abscissa,
379 1253 590 1324 memorabile
617 1251 697 1320 illud
722 1251 811 1344 apud
837 1255 970 1321 Graecos
997 1256 1160 1350 Cynaegiri

133 1375 320 1470 exemplum
335 1376 496 1458 imitatus,
513 1370 677 1440 transiluit
693 1371 726 1436 in
745 1393 876 1458 navem,
891 1372 1035 1440 umbone
1047 1374 1160 1447 obvios

134 1521 241 1589 agens.

179 1619 304 1684 LXIX.
333 1613 532 1682 Seditionem
556 1636 614 1706 per
638 1610 750 1680 decern
778 1633 881 1678 annos
906 1611 1042 1684 Gallicis
1069 1619 1160 1690 bellis

136 1735 258 1804 nullam
277 1733 413 1803 omnino
427 1745 617 1815 moverunt,
631 1727 781 1796 civilibus
795 1726 935 1829 aliquas,
951 1733 1008 1800 sed
1026 1751 1063 1804 ut
1078 1739 1161 1808 cele.

134 1857 214 1924 riter
234 1853 278 1922 ad
301 1852 446 1922 officium
469 1853 638 1926 redierint,
663 1875 723 1919 uec
750 1865 817 1918 tam
843 1851 1047 1946 indulgentia
1069 1855 1161 1926 ducis

134 1997 233 2064 quam
251 1976 454 2042 auctoritate.
475 1977 552 2043 Non
571 1979 658 2042 enirn
676 1979 771 2043 cessit
789 1999 935 2068 unquam
956 1973 1161 2043 tumultuan-

135 2091 236 2177 tibus,
254 2106 353 2183 atque
369 2093 466 2160 etiam
483 2093 613 2162 obviam
631 2117 757 2185 semper
775 2095 821 2161 iit.
837 2096 879 2162 Et
894 2117 1015 2160 nonam
1028 2093 1161 2185 quidem

134 2208 296 2301 legionem
319 2210 407 2302 apud
429 2210 645 2298 Placentiam,
665 2236 864 2303 quamquam
882 2212 916 2278 iu
935 2211 1034 2278 armis
1053 2211 1160 2294 adhuc

134 2341 217 2395 esset
240 2329 436 2420 Pompeius,
462 2343 565 2396 totam
590 2353 665 2398 cunr
690 2331 868 2422 ignominia
895 2332 1026 2398 missam
1052 2330 1128 2398 fecit
1153 2359 1160 2398 :

134 2469 299 2538 mgmque,
314 2459 388 2537 post
401 2444 521 2512 multas
534 2461 567 2512 et
581 2445 743 2539 supplices
757 2471 884 2540 preces,
900 2473 959 2516 nec
973 2449 1036 2516 nisi
1051 2465 1162 2518 exacta

135 2561 175 2630 de
194 2563 346 2630 sontibus
363 2587 479 2654 pmna,
501 2565 651 2631 restituit.

182 2684 287 2748 LXX.
315 2682 523 2748 Decumauos
538 2696 648 2750 autern
664 2686 789 2771 Romae,
804 2709 881 2765 curn
896 2686 1084 2777 ingentibus
1098 2687 1161 2754 mi·
1271 2735 1273 2742 ·

137 2804 203 2887 nis,
220 2821 416 2890 summoque
430 2799 528 2866 etiam
545 2799 635 2866 urbis
652 2801 813 2892 periculo,
828 2801 1014 2869 missionem
1030 2817 1063 2870 et
1079 2828 1161 2896 prae·

137 2921 202 2985 mia
216 2918 420 3010 flagitantes,
433 2917 567 2984 ardente
581 2932 661 2986 tunc
675 2919 709 2985 in
722 2917 829 2988 Africa
843 2917 944 3005 bello,
958 2942 1063 3012 neque
1076 2921 1165 2990 adire

134 3050 310 3104 cunctatus
333 3049 399 3123 est,
421 3059 621 3128 quamquam
644 3035 881 3105 deterrentibus
903 3040 1035 3122 amicis,
1060 3062 1165 3132 neque

135 3154 301 3222 dimittere
321 3179 330 3220 ε
351 3152 406 3220 sed
428 3177 493 3220 una
511 3177 608 3242 voce,
626 3178 692 3247 qua
716 3156 860 3246 Quirites
876 3179 952 3242 eos,
970 3181 1031 3249 pro
1053 3156 1164 3226 militi·

137 3275 219 3360 bus,
240 3270 442 3366 appellarat,
461 3285 528 3339 tarn
546 3271 638 3342 facile
656 3275 867 3366 circumegit,
885 3289 917 3342 et
935 3275 1044 3364 flexit,
1062 3290 1100 3344 ut
1116 3281 1164 3366 ei,

135 3393 251 3460 insistes
274 3416 361 3476 esse,
385 3391 555 3460 confestim
579 3393 821 3486 responderint,
844 3408 877 3460 et
900 3397 1048 3486 quamvis
1071 3419 1165 3464 recu·

136 3527 264 3580 sentem
282 3510 371 3578 ultro
382 3513 419 3597 in
437 3511 580 3580 Africam
598 3513 664 3578 sint
680 3513 782 3594 secuti
800 3537 807 3579 ε
825 3536 863 3579 ac
878 3513 924 3580 sic
939 3537 1070 3604 quoque
1084 3513 1165 3581 sedi-

140 3632 351 3699 tiosissimum
374 3654 538 3724 quemque
559 3645 592 3700 et
613 3630 730 3724 praedae
751 3644 784 3697 et
806 3631 875 3723 agri
895 3629 1047 3698 destinati
1070 3633 1164 3700 tertia

136 3767 231 3842 parte
244 3752 407 3819 multavit.

183 3874 305 3938 LXXI.
332 3869 487 3938 Stu'diutn
506 3885 538 3936 et
558 3868 637 3936 fides
654 3891 731 3961 erga
750 3868 882 3936 clientes
902 3892 943 3935 ne
958 3869 1070 3958 juveni
1091 3869 1164 3960 qui-

21 3979 22 3984 *
134 3991 212 4058 dem
238 3989 425 4056 defuerunt.
453 3987 671 4072 Masintham,
699 3983 840 4053 nobilem
864 3988 1040 4078 juvenem,
1062 4009 1165 4076 quum

21 4111 23 4178 ζ
135 4108 293 4175 adversus
312 4105 536 4199 Hiempsalem
559 4130 667 4198 regem
689 4120 756 4173 tam
779 4106 872 4172 enixe
896 4101 1108 4190 defendisset,
1128 4119 1165 4171 ut
