3108 5434
410 467 592 524 OCTAVIUS
615 469 814 526 AUGUSTUS.
1065 475 1116 530 103

92 587 241 678 quesere
264 599 419 680 tempore
435 587 542 658 balnei
569 589 796 660 meditabatur.
816 595 901 663 Nam
926 595 1115 689 tragoediam

93 729 202 798 magno
223 706 358 797 impetu
373 717 527 793 exorsus,
545 733 612 776 non
629 708 821 778 succedente
840 709 932 799 stilo,
954 712 1115 782 abolevit:

94 823 381 928 querentibusque
407 825 537 912 amicis,
561 827 745 920 «quidnam
766 827 849 921 Ajax
875 845 1029 924 ageret,»
1049 855 1116 900 res·

95 941 217 1033 pondit‚
236 943 400 1035 «Ajacem
417 949 514 1012 suum
532 945 565 1012 in
586 948 756 1040 spongiam
773 947 995 1016 incubuisse.»

134 1062 327 1128 LXXXVI.
356 1063 470 1130 Genus
496 1061 669 1155 eloquendi
694 1078 823 1132 secutus
851 1080 900 1133 est
927 1063 1056 1159 elegans
1084 1083 1116 1136 et

96 1193 330 1272 temperatum,
353 1182 461 1250 vitatis
479 1183 715 1250 sententiarum
733 1183 863 1276 ineptiis
881 1197 980 1276 atque
1002 1185 1115 1252 incon-

95 1300 265 1384 cinnitate,
283 1311 317 1368 et
336 1299 608 1370 «reconditorum
629 1301 805 1368 verborum
812 1329 852 1386 ,a
872 1315 909 1369 ut
930 1302 998 1394 ipse
1018 1299 1114 1386 dicit,

95 1416 290 1486 «latoribus
300 1444 309 1485 ι
319 1448 336 1482 n
351 1420 612 1511 praecipuamque
625 1442 737 1486 curam
751 1418 858 1506 duxit,
872 1443 1001 1488 sensum
1016 1421 1116 1488 animi

95 1559 189 1627 quam
212 1537 418 1628 apertissime
438 1539 620 1631 exprimere
640 1537 757 1629 :quod
777 1561 843 1629 quo
863 1537 989 1606 facilius
1009 1535 1116 1606 effice-

96 1665 153 1740 ret,
175 1669 236 1722 aut
259 1656 378 1723 necubi
402 1654 556 1724 lectorem
582 1654 629 1724 vel
655 1655 837 1724 auditorem
862 1655 1053 1723 obturbaret
1078 1679 1116 1723 ac

95 1789 296 1858 moreretur,
318 1799 424 1868 neque
448 1775 693 1868 prepositiones
719 1775 826 1842 verbis
850 1772 988 1858 addam,
1012 1751 1122 1865 neque¹

96 1893 342 1984 conjunctiones
368 1894 486 1986 saepius
511 1895 629 1961 iterare
656 1891 835 1976 dubitavit,
862 1915 935 1982 quse
962 1890 1115 1958 detractae

95 2011 235 2078 afferunt
251 2011 373 2104 aliquid
391 2013 614 2097 obscuritatis,
627 2011 688 2078 etsi
704 2010 841 2102 gratiam
861 2023 993 2102 augent.
1014 2011 1116 2077 Caco-

96 2129 175 2197 zelos
199 2145 233 2196 et
261 2131 484 2221 antiquarios,
512 2144 548 2197 ut
574 2128 702 2198 diverso
726 2149 843 2220 genere
868 2115 1022 2210 vitiosos,
1047 2130 1115 2217 pari

96 2247 223 2316 fastidio
241 2249 380 2341 sprevit,
399 2249 647 2340 exagitabatque
666 2268 902 2335 nonnunquam
924 2271 930 2310 :
952 2246 985 2310 in
1004 2245 1116 2336 primis

94 2370 303 2436 Maecenatem
325 2390 439 2448 suum,
458 2367 552 2456 cujus
569 2367 792 2452 μυροβρεχεΐς,
810 2377 847 2428 ut
864 2363 927 2444 ait,
944 2363 1116 2430 alacritates

96 2508 330 2576 usquequaque
343 2485 564 2576 persequitur,
578 2496 611 2548 et
625 2480 783 2549 imitando
798 2504 855 2571 per
865 2481 976 2570 jocum
992 2478 1113 2546 irridet.

95 2605 152 2675 Sed
169 2627 232 2670 nec
252 2603 385 2670 Tiberio
402 2602 524 2693 parcit,
544 2614 576 2667 et
593 2597 751 2668 exsoletos
771 2595 933 2664 interdum
952 2609 984 2662 et
1002 2617 1133 2688 recong

95 2723 173 2790 ditas
190 2745 288 2790 voces
304 2721 490 2812 aucupanti.
505 2721 553 2786 M.
568 2715 701 2808 quidem
716 2714 895 2784 Antonium
913 2726 947 2778 ut
965 2715 1115 2778 insanum

94 2843 264 2934 increpat,
290 2840 382 2930 quasi
411 2861 449 2904 ea
477 2837 693 2920 scribentem,
720 2857 792 2925 quae
821 2831 980 2898 mirentur
1009 2831 1116 2920 potius

93 2961 244 3028 homines
263 2983 361 3050 quam
382 2953 572 3048 intelligant.
593 2951 719 3022 Deinde
738 2949 853 3018 ludens
873 2947 993 3015 malum
1015 2961 1047 3013 et
1069 2948 1117 3014 in-

92 3095 245 3147 constans
262 3079 294 3144 in
309 3072 460 3168 eligendo
472 3096 588 3166 genere
602 3070 729 3140 dicendi
742 3068 908 3162 ingenium
925 3068 1009 3158 ejus,
1026 3065 1127 3133 addit-

92 3198 157 3265 hec
177 3223 186 3264 :
208 3199 354 3287 «Tuque
374 3193 520 3278 dubitas,
539 3190 713 3260 Cimberne
730 3186 874 3269 Annius,
893 3209 935 3252 an
955 3184 1116 3253 Veranius

90 3315 228 3384 Flaccus
251 3312 401 3381 imitandi
421 3312 486 3378 sint
510 3307 590 3376 tibil
611 3309 656 3375 ita
679 3320 715 3374 ut
739 3305 867 3389 verbis,
887 3327 959 3395 quae
982 3303 1117 3394 Crispus

90 3433 268 3503 Sallustius
291 3431 451 3524 excerpsit
476 3454 516 3496 es
539 3424 731 3518 Originibus
755 3423 908 3507 Catonis,
932 3419 1053 3488 utaris?
1074 3444 1116 3486 an

90 3555 203 3644 potins
215 3550 436 3622 Asiaticorum
449 3561 633 3626 oratorum,
645 3541 796 3610 inanibus
809 3539 990 3622 sententiis,
1002 3537 1117 3603 verbo·

89 3696 162 3740 rum
178 3667 372 3740 volubilitas
386 3668 420 3734 in
436 3680 585 3734 nostrum
600 3682 782 3730 sermonem
798 3652 1061 3726 transferendalu
1075 3655 1117 3720 Et

86 3791 234 3882 quadam
251 3785 390 3880 epistola
403 3783 592 3878 Agrippinae
608 3781 713 3873 neptis
729 3777 896 3870 ingenium
912 3769 1117 3855 collaudans,

85 3911 181 3978 «Sed
203 3933 291 4002 opus
311 3921 405 3994 est,»
427 3905 551 3995 inquit,
571 3900 674 3968 adare
696 3913 727 3966 te
748 3919 900 3989 operam,
922 3913 962 3957 ne
977 3885 1118 3968 ³¹¹⁰l0⁸l0

86 4030 218 4096 scribas
235 4041 294 4095 aut
310 4024 494 4118 loquaris.»
