3164 5442
435 526 490 583 nt
891 527 1003 582 NOTAE
1113 503 1119 513 ⁰

473 643 538 696 er.
561 641 637 696 th.
658 639 802 694 numm.
817 641 859 695 De
874 657 905 694 re
922 639 1036 696 militari
1056 640 1269 716 intelligendum
1284 649 1387 716 putant
1399 643 1450 700 Ou-

434 731 590 804 dendorp,
607 730 711 799 wat..
726 730 830 805 aliique
844 731 897 789 siri
910 732 1021 788 doctiss.
1039 785 1045 794 ,

474 823 690 894 Proesectosquc.
709 821 774 878 Scil.
789 824 905 878 alarum.

476 927 673 1001 Hispaniam...
688 925 821 980 habuerat.
835 927 970 998 Hispania
984 939 1012 982 et
1030 930 1110 1003 Syria
1124 931 1197 985 inter
1211 930 1325 987 Caesnris
1341 931 1454 1005 prosin-

433 1021 488 1076 cias
510 1018 740 1074 numerabantur.
765 1016 977 1074 Provinciarum
998 1030 1091 1076 autem
1115 1022 1325 1092 Coesarcarum,
1340 1023 1454 1080 docente

434 1113 474 1169 Cl.
498 1113 588 1176 Hace,
613 1109 744 1182 praesides
764 1110 854 1182 legati
874 1110 996 1164 cesant
1019 1114 1265 1186 sel'pmproetorrs
1287 1115 1455 1183 dicebantur,

433 1219 603 1275 quamquam
622 1202 783 1256 consulares
796 1210 896 1254 essent.

473 1308 539 1364 Car.
555 1307 645 1362 XLII.
660 1305 798 1377 Prosadit.
814 1305 883 1372 Dio,
899 1324 975 1374 nvn,
995 1325 1023 1379 p.
1040 1307 1096 1364 615
1111 1326 1118 1360 :
1133 1313 1239 1386 Τιΰίριος
1254 1312 1283 1367 tt
1301 1317 1354 1368 lesi
1368 1318 1396 1369 ri
1411 1320 1456 1386 las·

432 1401 515 1476 dptlcs
535 1405 612 1457 aistis’
630 1398 704 1472 ιῐχιν,
728 1404 749 1462 ἐς
769 1407 818 1455 πᾶν
841 1405 976 1456 τούναντίον
1001 1413 1048 1456 τῶν
1072 1407 1171 1475 aspicies
1200 1407 1364 1475 ιὶργασμένυν
1387 1409 1457 1476 αὐτῷ,

432 1505 525 1550 πολλῶν
539 1497 612 1548 ὄντων
626 1495 668 1548 καὶ
682 1502 771 1560 καλῶν,
784 1495 904 1564 aspriora.

472 1593 649 1648 Avidiustem.
663 1590 748 1661 Plio,
763 1609 823 1660 axv,
839 1609 874 1645 aa
896 1610 903 1643 :
919 1615 930 1640 a
946 1593 1010 1664 Ipsa
1022 1591 1139 1662 juventa
1159 1593 1196 1647 ad
1215 1611 1324 1647 merum
1344 1595 1458 1665 pronior

432 1685 533 1740 fuerat.
546 1707 559 1734 s

471 1774 627 1830 biberius...
640 1773 800 1828 wcabntur.
821 1774 949 1830 Aurelius
963 1774 1071 1843 Victor,
1090 1775 1164 1847 Epic
1186 1791 1224 1842 st,
1243 1791 1259 1827 a
1276 1793 1282 1826 :
1298 1797 1314 1824 α
1328 1776 1397 1842 Iste,
1412 1773 1459 1846 qui

433 1865 567 1924 Claudius
586 1868 664 1922 Nero
686 1865 844 1936 dicebatur,
860 1867 1001 1942 eleganter
1019 1883 1034 1921 a
1047 1859 1269 1937 joculatoribus,
1284 1866 1401 1922 Caldius
1416 1865 1461 1919 Bi-

431 1955 525 2013 berins
534 1959 616 2012 Mero
626 1957 664 2012 ob
677 1957 858 2012 vinolentiam
872 1957 1033 2014 nominatus
1046 1969 1095 2013 est.
1111 1975 1126 2006 ν
1139 1958 1209 2012 Inde
1222 1973 1334 2012 carmen
1352 1958 1459 2018 suatum

432 2051 632 2118 alimmum,
650 2049 731 2120 cnjus
748 2050 871 2104 clausula
891 2069 898 2103 ε
1373 2039 1374 2044 ¹

605 2219 696 2269 Exinde
706 2220 772 2284 plebs
783 2220 913 2284 Quiritium
927 2221 1019 2272 vocarit

605 2305 661 2352 Non
673 2302 800 2354 Claudium
812 2303 936 2352 Tiberium
949 2307 1083 2362 Neronem.

606 2385 652 2434 Sed
664 2385 773 2436 Coldium
787 2385 908 2436 Bibcrium
923 2389 1056 2437 Maronem.

473 2555 654 2612 Cor-rectione.
668 2554 741 2611 Vide
755 2574 817 2630 sup.
833 2573 938 2611 xxxin.

474 2647 633 2703 Consumsit.
656 2647 873 2717 Plin.,x1v,au
896 2667 902 2702 :
922 2648 1040 2720 «anue
1054 2644 1298 2702 commendatione
1318 2645 1465 2700 credidere

431 2743 462 2796 1..
476 2739 606 2796 Pisonem
619 2741 698 2796 urbis
712 2742 808 2794 Romae
827 2757 900 2793 cura
919 2739 1003 2793 abeo
1022 2739 1172 2808 delectum,
1186 2737 1266 2810 quod
1284 2735 1375 2791 biduo
1393 2729 1465 2790 dua-

431 2833 542 2906 busque
569 2832 701 2886 noctibus
719 2830 945 2902 perpotationem
967 2829 1155 2884 continuasset
1179 2827 1256 2901 apud
1276 2829 1386 2902 ipsum,
1407 2827 1465 2898 jam

430 2923 594 2996 principem.
607 2947 618 2970 ν
640 2923 681 2978 Cf.
696 2923 792 2989 Serene
808 2963 815 2990 ‚
830 2921 910 2994 epist.
927 2939 1049 2974 nxxxcrr.

474 3027 623 3082 Codicills‘s.
643 3028 686 3080 De
700 3025 804 3098 quibus
817 3024 881 3080 vide
896 3043 956 3097 sup.
971 3043 1042 3078 xxu.

471 3131 610 3185 Condixit.
627 3131 660 3186 H.
677 3147 701 3184 e.
715 3129 795 3202 prior
807 3139 835 3184 et
848 3130 924 3186 ultro
940 3127 1116 3183 denuntiarit
1130 3147 1158 3182 se
1177 3126 1254 3200 apud
1266 3126 1349 3181 illum
1369 3143 1465 3180 coena·

430 3233 533 3278 turum.
550 3222 709 3292 certant,
726 3223 822 3288 Mea,
838 3241 862 3288 x,
878 3238 911 3290 a,
929 3221 972 3277 15.

472 3327 572 3382 Boleti.
587 3327 665 3380 Inter
674 3325 776 3401 fungos
784 3326 906 3398 primurn
915 3327 1008 3380 locum
1023 3323 1161 3379 obtinent.
1178 3322 1292 3380 Deliciae
1307 3329 1391 3374 erant
1404 3321 1464 3374 Ma·
1577 3331 1578 3340 ¹

430 3427 545 3492 gnatum
560 3415 715 3492 etquidem
730 3417 919 3490 pretiosiores.
935 3419 1032 3485 Mart,
1046 3433 1120 3483 1111,
1138 3422 1172 3486 47
1192 3434 1198 3467 :

534 3593 666 3654 Argentum
680 3599 751 3653 atqrxc
763 3587 983 3645 armoraciam,
996 3585 1127 3650 leuemque
1138 3593 1264 3648 togamque

568 3671 679 3732 Mittere,
690 3671 782 3722 boletos
794 3671 888 3723 mittere
902 3669 999 3720 difficile
1013 3678 1057 3719 est.

468 3840 533 3895 Car.
551 3837 656 3893 XLlll.
674 3837 830 3892 Settmsmn.
846 3835 933 3906 Quod
949 3836 1054 3891 Nomr
1067 3833 1230 3898 albaram,
1245 3829 1363 3886 Tacitus
1374 3827 1463 3882 sella·

429 3931 499 3982 rium
520 3927 602 3997 dicit,
629 3929 749 3992 Annal,
770 3947 816 3994 vx,
843 3947 852 3981 1
876 3947 882 3980 :
903 3928 1009 3980 «Tunc
1029 3923 1154 3996 primum
1174 3922 1272 3996 ignota
1292 3929 1359 3976 ante
1377 3932 1460 3974 voct-

429 4019 496 4076 bau
524 4029 634 4092 reperta
656 4030 735 4086 sunt,
757 4019 931 4076 sellariorum
959 4027 985 4070 et
1006 4014 1187 4087 spintriarum
1210 4031 1244 4066 cx
1263 4009 1391 4066 inditate
1410 4003 1461 4057 loci

429 4120 456 4163 et
471 4109 619 4182 multiplici
636 4109 777 4182 patientia.
792 4135 803 4157 ι
