3168 5440
425 574 480 610 tro
738 631 748 650 ·
796 555 961 612 flottam
982 555 1080 612 VITA.

420 682 543 774 subjeci
562 707 569 748 :
586 683 721 750 «Sume
744 679 803 747 tibi
824 677 950 772 aiiquid
973 680 1059 772 juris
1085 677 1174 772 apud
1199 705 1272 768 me,
1300 695 1435 775 tanquam

420 802 446 868 si
468 801 640 869 convictor
658 798 740 868 mibi
758 798 858 867 fueris
878 823 885 866 :
902 811 991 867 recte
1006 799 1114 882 enim,
1133 812 1165 866 et
1183 824 1250 868 non
1271 813 1387 870 temere
1400 802 1436 870 sc·

419 921 524 1005 ceris;
550 921 709 1014 quonium
735 918 768 986 id
795 941 873 988 usus
893 919 975 986 mibi
1000 932 1108 986 tecum
1128 942 1197 988 esse
1217 917 1329 1007 volui,
1347 923 1372 988 si
1394 945 1440 1014 per

420 1038 644 1108 valetudinem
663 1053 753 1108 tuam
775 1038 846 1107 fieri
870 1039 984 1132 possit.
1001 1067 1019 1102 a
1039 1041 1082 1107 Et
1099 1062 1214 1106 rursus
1234 1063 1243 1106 ε
1261 1039 1355 1107 «Tui
1369 1041 1439 1132 qua·

419 1157 483 1226 iem
497 1158 636 1227 habeam
651 1158 862 1246 memoriam,
878 1159 1002 1252 poteris
1016 1181 1056 1226 ex
1073 1157 1234 1252 Septimio
1249 1182 1380 1252 quoquc
1392 1184 1441 1228 no·

418 1293 487 1346 stro
505 1276 621 1346 audire
638 1303 646 1345 ε
666 1302 743 1347 nam
762 1277 895 1365 incidit,
915 1292 953 1346 ut
974 1274 1031 1346 itto
1048 1301 1162 1346 coram
1182 1276 1275 1346 fieret
1296 1303 1317 1346 a
1333 1281 1441 1348 metui

419 1398 554 1465 mentio.
574 1400 692 1490 Neque
709 1396 736 1465 si
757 1412 794 1466 tu
816 1396 978 1491 superbus
996 1397 1177 1465 amicitiam
1199 1412 1344 1466 nostram
1362 1423 1444 1492 sprc-

417 1517 511 1601 visti,
542 1515 617 1586 ideo
647 1542 708 1586 nos
739 1541 872 1612 quoquc
901 1512 1233 1608 dvdurspnparoiuum.
1254 1545 1271 1582 a
1296 1518 1447 1586 Praeterea

418 1661 504 1730 saepc
529 1638 616 1706 inter
639 1635 721 1706 alios
742 1637 837 1731 jocos
856 1638 1101 1732 «purissimum
1119 1661 1237 1732 penem
1248 1666 1289 1726 ,u
1311 1651 1344 1706 et
1362 1638 1446 1706 «ho-

418 1758 630 1826 muncionem
658 1754 896 1851 lepidissimum
912 1787 928 1820 u
954 1754 1100 1850 appellat
1120 1781 1128 1824 :
1149 1780 1281 1850 unaque
1300 1755 1448 1826 etaltera

417 1875 615 1945 liberalitate
626 1873 850 1970 locupletavit
866 1876 996 1968 Scripta
1013 1875 1148 1969 quidem
1161 1875 1234 1968 ejus
1249 1900 1355 1969 usque
1371 1875 1447 1944 adeo

417 1997 593 2092 probavit,
618 2018 840 2087 mansuraque
863 2009 1026 2088 perpetuo
1049 1997 1206 2089 opinatus
1234 2009 1300 2083 est,
1327 2011 1363 2065 ut
1389 2021 1451 2065 non

417 2115 518 2184 modo
533 2113 686 2184 Seculare
699 2137 832 2182 cannen
847 2111 1114 2207 componendum
1129 2115 1328 2208 injunxerit,
1347 2115 1405 2184 sed
1421 2131 1452 2184 et

418 2233 615 2304 vindelicam
640 2234 816 2302 victoriam
838 2233 962 2303 Tiberii
996 2235 1164 2328 Drusique
1193 2235 1449 2331 privignorum:

386 2375 391 2386 '
417 2379 562 2448 eumque
587 2354 731 2450 coegerit
756 2368 894 2449 propter
917 2355 998 2441 hoc,
1024 2354 1130 2423 tribus
1151 2355 1338 2424 carminum
1362 2355 1453 2426 libris

418 2501 457 2544 ex
471 2474 573 2570 longo
586 2471 763 2544 intervallo
779 2489 935 2567 quartum
945 2472 1066 2542 addere
1078 2499 1086 2542 :
1098 2489 1175 2568 post
1185 2477 1361 2546 Sermones
1375 2503 1454 2572 quo·

417 2621 482 2690 que
504 2595 625 2678 lectos,
643 2593 768 2664 nullam
791 2595 842 2663 sui
862 2594 1063 2662 mentionem
1079 2593 1229 2664 habitam
1248 2597 1294 2665 ita
1310 2597 1355 2666 sit
1373 2623 1457 2692 que·

417 2730 487 2785 stus
505 2741 513 2783 :
532 2715 661 2784 «Irasci
680 2738 734 2782 me
750 2713 811 2782 tibi
824 2714 927 2800 scito,
944 2713 1034 2806 quod
1049 2739 1117 2782 nou
1135 2715 1169 2782 in
1186 2713 1353 2810 plerisque
1367 2719 1455 2811 ejus-

417 2835 507 2904 modi
526 2834 656 2928 scriptis
674 2857 805 2902 mecum
823 2833 1034 2928 potissimum
1058 2831 1215 2928 loquaris.
1241 2839 1294 2906 An
1311 2838 1460 2924 vereris,

418 2979 459 3023 ne
473 2954 563 3048 apud
575 2967 723 3048 posteros
740 2954 801 3022 tibi
818 2953 943 3022 iniamc
956 2955 1015 3042 sit,
1028 2955 1118 3048 quod
1127 2953 1269 3026 videaris
1283 2954 1459 3028 familiaris

419 3075 514 3144 nobis
532 3071 623 3142 esse?
636 3102 653 3136 u
670 3074 897 3168 expressitque
916 3072 1083 3169 eclogam,
1104 3075 1199 3168 cujus
1223 3076 1356 3146 initium
1379 3092 1455 3147 est:

513 3243 610 3312 Quum
627 3250 671 3297 tot
686 3241 823 3298 sustineas
839 3251 867 3301 ct
886 3251 965 3297 tanta
982 3240 1098 3316 negotia
1114 3244 1204 3314 solus,

513 3336 569 3390 Res
582 3334 663 3390 italas
677 3333 762 3390 armis
778 3333 894 3405 tuteris,
907 3333 1035 3392 moribus
1052 3353 1151 3408 ornes,

513 3427 636 3501 Legibus
653 3426 800 3497 emendes3
817 3425 847 3481 in
861 3425 976 3502 publica
989 3427 1143 3483 commoda
1158 3443 1288 3502 peccem,

512 3519 543 3576 Si
557 3521 646 3596 longo
661 3537 793 3577 sermone
810 3537 910 3576 moret
924 3530 971 3575 tua
986 3529 1131 3594 tempora,
1144 3520 1244 3576 Caesar.

416 3671 573 3738 Horatius
599 3669 715 3739 habitu
747 3671 896 3764 corporis
921 3670 1030 3738 brevis
1061 3669 1144 3757 suit,
1175 3684 1274 3764 atque
1302 3670 1460 3737 obesus:

417 3789 524 3884 qualis
542 3817 562 3858 a
583 3815 618 3858 se
636 3792 707 3884 ipso
724 3805 757 3858 et
777 3791 812 3858 in
831 3791 946 3860 Satiris
965 3789 1175 3878 describitur,
1194 3803 1227 3860 et
1244 3791 1286 3858 ab
1306 3795 1462 3883 Augusto

417 3911 479 3980 hac
492 3909 629 4004 epistola
646 3937 654 3979 :
670 3908 842 3979 «Pertulit
858 3909 900 3978 ad
915 3935 968 3978 me
982 3911 1161 4004 Dionysius
1178 3905 1329 3979 libellum
1343 3924 1459 3990 tuum,

417 4055 516 4122 quem
534 4055 614 4124 ego,
635 4045 673 4099 ut
699 4054 849 4099 accusem
875 4045 926 4118 te,
950 4027 1265 4124 quantuluscunque
1287 4044 1354 4116 est,
1375 4024 1458 4094 boni

418 4149 564 4218 consulo.
592 4153 707 4220 Vereri
728 4165 835 4218 autem
865 4150 946 4218 mihi
966 4151 1104 4236 videris,
1128 4175 1170 4218 ne
1195 4151 1336 4243 majores
1353 4142 1459 4216 libelli
