3108 5434
384 455 572 544 ocmvms
591 452 795 512 aucnsrus.
1072 445 1108 506 os

86 571 161 642 secto
176 573 278 662 duce,
296 601 397 672 quam
416 579 657 668 festinationem
674 577 972 670 temeritatemque,
990 597 1111 664 conve·

86 693 172 878 niqq'
169 692 408 766 arbitrabatur.
438 697 564 766 Crebro
581 698 693 788 itaque
718 693 774 764 illa
790 695 936 788 jactabat
962 719 970 764 :
995 690 1112 764 Zre'il‘a

88 808 118 896 Cp
159 838 231 892 εως·
252 829 308 882 et:

162 1000 309 1075 ’Amnis
321 1005 383 1082 plu
396 1001 457 1062 ἐστ’
467 999 601 1078 ἀμείνων,
614 1001 629 1062 ll
646 999 754 1075 &pecias
767 975 980 1076 crassantes}-

92 1165 236 1273 e:,«s‘at
259 1184 409 1258 celeriter
424 1185 514 1274 lieri,
531 1185 687 1278 quicquid
709 1185 767 1254 fiat
785 1186 863 1254 satis
887 1185 1005 1255 bene.»
1026 1191 1116 1258 Prae·

92 1305 168 1374 lium
188 1303 326 1398 quidem
339 1319 397 1373 sut
414 1302 538 1372 bellum
551 1303 797 1396 suscipiendum
813 1306 950 1374 omnino
963 1305 1118 1400 negabat,

93 1425 152 1492 nisi
167 1447 275 1516 quum
287 1423 392 1515 major
410 1419 625 1490 emolumenti
642 1445 841 1514 spes,quam
863 1421 976 1491 damni
996 1436 1118 1509 metus,

94 1540 331 1610 ostenderetur.
346 1542 434 1612 Nam
452 1539 611 1607 «minima
625 1539 796 1609 commoda
813 1565 880 1609 non
898 1542 1036 1610 minimo
1053 1567 1121 1612 sec·

95 1673 197 1728 lantes
215 1657 421 1744 discrimine,
437 1655 581 1726 similes:
596 1656 703 1726 siebat
720 1681 811 1726 resse
824 1682 924 1726 aureo
932 1659 1032 1728 hemo
1051 1662 1120 1755 pis-

95 1777 261 1864 cantibus,
281 1775 376 1868 cujus
392 1775 523 1868 abrupti
541 1773 700 1844 damnum
718 1774 808 1846 nulla
830 1791 968 1872 captura
988 1779 1120 1872 pensari
1200 1761 1205 1778 ⁹

96 1910 237 1990 novet»
488 1883 492 1890 ’

138 2016 267 2085 XXVI.
290 2013 504 2108 Magistratus
521 2027 621 2106 utque
639 2013 781 2082 honores
795 2027 828 2082 et
841 2028 917 2084 ante
932 2029 1076 2110 tempus,
1089 2031 1122 2087 et

97 2133 257 2228 quosdam
283 2133 363 2201 novi
382 2133 509 2226 generis
533 2146 776 2226 perpetuosque
790 2134 888 2226 cepit.
907 2134 1123 2206 Consulatum

98 2252 253 2322 vicesimo
270 2250 376 2319 :etatis
395 2274 485 2318 anno
500 2251 634 2338 invasit,
650 2249 795 2318 ‘admotis
818 2251 980 2322 hostiliter
994 2239 1037 2322 ud
1056 2259 1123 2324 Ur·

98 2370 170 2439 bem
183 2369 389 2463 legionibus,
400 2368 586 2461 missisque,
596 2369 652 2462 qui
669 2370 731 2437 sibi
746 2371 881 2438 nomine
896 2373 1056 2442 exercitus
1066 2373 1123 2442 de·

99 2503 295 2585 poscerent:
309 2511 414 2580 quum
429 2485 585 2578 quidem,
604 2499 780 2556 cunctante
802 2503 931 2575 senam,
948 2490 1123 2560 Cornelius

98 2603 264 2686 centurio,
280 2601 434 2700 princeps
453 2599 644 2696 legationis,
660 2602 782 2694 rejecto
803 2602 932 2696 sngtrlo,
950 2607 1125 2676 ostendens

105 2714 200 2807 gladii
225 2712 405 2807 capulum,
426 2743 493 2786 non
512 2719 691 2790 dubitasset
714 2721 749 2786 in
773 2720 863 2786 coria
887 2719 1016 2789 dicere:
1039 2721 1126 2785 «Hic

102 2839 209 2924 faciet,
226 2837 256 2906 si
274 2861 334 2906 vos
353 2861 420 2908 non
436 2837 611 2907 feceritis.»
627 2835 813 2907 Secundum
831 2836 1038 2906 consulatum
1054 2852 1128 2929 post

103 2977 221 3022 norem
241 2979 366 3040 annos,
384 2957 519 3024 tertium
538 2981 625 3024 snno
649 2957 820 3048 interjecto
843 2955 967 3048 gessit:
992 2975 1129 3044 sequen-

103 3087 149 3142 tes
166 3096 276 3168 usque
294 3072 338 3140 ad
360 3072 570 3142 undecimum
592 3073 799 3141 continuavit
817 3097 824 3138 :
843 3069 1021 3163 multisque
1038 3094 1131 3156 mox,

104 3216 205 3284 quum
228 3189 454 3280 deferrentur,
480 3193 652 3278 recusatis,
676 3189 909 3258 duodecimum
934 3213 1072 3282 magno,
1099 3185 1133 3254 id

106 3324 171 3396 est,
190 3307 428 3403 septemdecim
456 3288 620 3376 annorum
647 3307 838 3395 intervallo,
869 3322 903 3375 et
931 3331 1046 3376 rursus
1071 3323 1134 3376 ter·

108 3427 356 3496 tiumdecimum
366 3427 501 3526 biennio
516 3441 592 3518 post
605 3424 694 3494 ultro
711 3427 825 3519 petiit,
839 3440 877 3493 ut
892 3427 1008 3495 Caium
1025 3441 1059 3494 et
1069 3427 1135 3492 Lu-

111 3547 194 3614 cium
214 3545 324 3632 filios,
341 3542 542 3640 amplissimo
557 3543 712 3638 praeditus
721 3545 931 3638 magistratu,
946 3569 1006 3613 suo
1020 3567 1135 3634 quern·

109 3687 171 3756 que
198 3663 354 3732 tirocinio
389 3661 564 3739 deduceret
591 3664 626 3730 in
663 3661 784 3744 iprum.
818 3663 977 3758 Quinque
1009 3657 1135 3728 medios

111 3780 301 3850 consulatus
330 3794 422 3848 sexto
441 3779 483 3848 ad
500 3777 712 3848 undecimum
729 3803 856 3850 annuos
873 3781 995 3873 gessit:
1012 3793 1138 3846 ceteros

112 3916 169 3968 aut
187 3923 327 3988 novem,
346 3914 405 3968 aut
416 3923 488 3987 sex,
505 3912 563 3967 aut
580 3907 741 3992 quatuor,
759 3912 815 3967 aut
830 3899 936 3966 tribus
952 3899 1137 3983 mensibus:

112 4019 291 4087 secundnm
319 4042 420 4103 vero,
440 4019 644 4108 paucissimis
666 4019 765 4086 horis.
797 4020 884 4086 Num
910 4015 963 4083 die
988 4014 1140 4082 kalenda-

233 4163 255 4204 s.
955 4153 975 4198 n
