3164 5442
429 507 486 542 roo
695 498 702 508 “
895 491 1010 546 NOTAE

465 609 599 662 Bueccas.
615 605 680 662 scil.
699 605 782 680 ponis
801 607 908 678 irustn3
927 625 1015 683 panes
1035 606 1110 664 enirn
1128 607 1158 664 in
1175 609 1322 682 quadras,
1345 611 1467 685 quadras

423 701 453 755 in
468 699 586 754 buccea:
599 697 743 756 tenebunt.

462 792 528 849 Gur.
553 791 704 848 LXXVII.
726 791 818 866 Super
836 809 955 848 coenam.
982 791 1113 868 Intellige
1139 811 1229 850 coenoe
1252 807 1379 870 tempore
1395 817 1405 850 .·
1424 799 1469 852 Ιο-

423 882 531 960 quendi
547 881 652 939 modos
663 882 711 939 ille
720 883 827 940 Nostro
841 882 1045 941 usitatissimus.
1062 885 1105 942 Gi.
1123 885 1180 941 Tib.
1188 926 1199 954 ,
1215 904 1264 943 rvr
1272 927 1282 959 ,
1293 885 1372 954 cat,
1389 907 1469 959 nn,

422 975 507 1042 Ner,
524 993 605 1046 xxrr,
620 983 674 1031 etc.

462 1068 498 1126 Se
511 1069 649 1124 invitaret.
662 1097 704 1110 -
718 1069 785 1124 Sese
806 1068 922 1123 Invitam
937 1068 1083 1138 dicuntur,
1102 1069 1154 1145 qni
1171 1069 1276 1147 largius
1298 1072 1407 1129 bibunt
1423 1086 1470 1128 aut

422 1169 586 1231 vescuntur,
605 1168 639 1216 ut
651 1159 763 1216 Sallust.
783 1159 862 1234 apud
876 1161 969 1232 Non,
991 1179 1037 1231 rr,
1053 1161 1110 1216 232
1129 1181 1164 1216 :u
1182 1167 1278 1234 Quum
1296 1183 1326 1220 se
1345 1165 1387 1223 ibi
1406 1165 1469 1222 cibo

425 1253 552 1329 rinoqoe
565 1251 622 1308 laeti
638 1251 801 1310 invitarent.
817 1277 829 1304 υ
843 1252 885 1310 Ci.
902 1256 1028 1324 Puer,
1043 1254 1169 1328 Amph,
1186 1275 1212 1326 r,
1231 1276 1263 1328 1,
1287 1277 1341 1328 ¹²7
1365 1280 1372 1312 :

529 1436 677 1498 Hirtium,
689 1435 736 1487 nui
744 1436 852 1488 inritnvit
862 1451 912 1486 rere
923 1436 949 1486 in
960 1451 1025 1486 ooent
1040 1436 1180 1502 plusculum.

463 1615 550 1671 &nos
569 1625 725 1670 sectantes.
739 1614 776 1670 Η.
796 1631 821 1670 e.
835 1617 993 1668 sextarium
998 1633 1009 1682 ,·
1023 1623 1137 1670 sextans
1150 1615 1226 1671 enirn
1245 1615 1319 1670 duos
1338 1615 1471 1671 eontine-

423 1709 473 1764 bnt
486 1705 606 1782 cyathos
613 1727 625 1775 ‚·
638 1707 756 1783 cyathus
773 1724 844 1762 vero
858 1705 1060 1762 duodecimam
1075 1718 1185 1782 partem
1199 1707 1327 1780 sextarii,
1346 1709 1399 1783 qui
1413 1721 1471 1766 erat

423 1809 502 1857 sexta
517 1817 585 1875 pars
597 1799 695 1875 congii
697 1819 708 1868 ,-
722 1797 841 1875 congius
859 1810 953 1856 autem
967 1810 1068 1856 octava
1082 1817 1149 1874 pars
1162 1801 1322 1875 amphorae.

463 1891 627 1964 Rq'icr'cbat.
651 1891 717 1948 Scil.
741 1891 884 1947 vomebat.
903 1891 990 1962 Plin,
1007 1894 1042 1964 ῌ.
1065 1893 1119 1958 Ν.,
1135 1911 1202 1964 xiv,
1227 1895 1245 1947 6
1265 1912 1272 1946 ε
1291 1918 1302 1940 n
1322 1897 1356 1947 ln
1371 1895 1467 1948 Vero-

423 1985 505 2042 nenti
522 1985 589 2042 item
603 1986 714 2041 lloetica
726 1979 817 2061 (vina)
833 1984 958 2040 Falernis
973 1995 1083 2040 tontum
1099 1985 1295 2058 posthabitae
1310 1985 1442 2060 Virgilio.
1458 2011 1469 2034 u

465 2079 533 2134 Cir.
552 2077 718 2134 LXXVIII.
733 2077 863 2132 Retectis.
880 2077 1000 2132 Cnsaub.
1022 2085 1051 2132 et
1070 2077 1179 2133 Ernest.
1205 2074 1368 2152 intelligunt
1387 2079 1469 2144 bene,

423 2170 576 2244 diligenter
594 2169 688 2236 tectis,
709 2168 792 2243 quod
810 2179 911 2224 contra
932 2169 1077 2224 solennem
1092 2168 1175 2226 verbi
1194 2189 1277 2224 usum
1301 2181 1380 2226 recte
1398 2189 1469 2226 con-

423 2261 516 2318 tendit
531 2261 659 2318 Bremius
672 2261 724 2336 qui
737 2261 778 2318 sic
795 2262 825 2318 h.
848 2263 867 2316 l.
888 2263 1093 2335 interpretatur
1108 2281 1116 2316 ε
1131 2263 1255 2336 apertis,
1271 2263 1330 2318 sire
1344 2264 1467 2338 stragula

423 2372 484 2411 non
498 2354 579 2411 tectis
593 2369 652 2429 qua
665 2354 733 2411 elias
746 2354 930 2411 meridiantes
943 2355 987 2410 uti
1001 2355 1147 2425 solebant,
1160 2366 1295 2410 monente
1305 2357 1348 2413 Cl.
1363 2359 1448 2411 Hase.

464 2451 500 2504 In
517 2449 682 2504 lecticulam.
699 2451 816 2503 Veteres
836 2447 926 2516 enirn,
945 2445 1131 2503 meditatione
1148 2457 1199 2502 aut
1221 2447 1378 2523 scriptione
1399 2469 1467 2523 ope-

423 2560 484 2599 rnm
498 2539 607 2612 daturi,
625 2539 656 2596 in
674 2538 811 2596 lenticulis
823 2540 882 2598 suis
903 2538 1172 2615 recomponebnnt3
1187 2538 1269 2614 quod
1286 2539 1387 2605 multis
1404 2540 1467 2595 locis

424 2634 546 2692 illustrat
559 2633 719 2690 Casaubon.
734 2633 771 2690 ad
786 2634 816 2689 h.
830 2635 850 2690 l'.

464 2729 533 2786 Cn.
554 2727 688 2783 LXXIX.
704 2727 825 2782 Nitidos.
843 2725 885 2782 Ci.
900 2727 999 2798 Prin,
1022 2726 1058 2779 H.
1075 2725 1128 2791 lll,
1143 2741 1190 2794 ιι,
1204 2726 1251 2782 32.
1268 2726 1365 2782 Aurei.
1382 2724 1464 2792 Viet,

424 2823 517 2896 Epist.
536 2839 548 2874 1
563 2840 570 2876 ε
585 2820 673 2888 ‹glluit
687 2837 811 2893 corpore
829 2829 893 2875 toto
914 2819 1045 2892 pulcher,
1058 2818 1109 2874 sed
1122 2818 1212 2875 oculis
1225 2817 1325 2895 magis.
1339 2845 1350 2869 υ

464 2915 600 2972 libentes.
619 2913 678 2983 Qui
694 2911 812 2986 patroni
824 2911 868 2968 sui
885 2930 931 2968 res
943 2910 1116 2986 perscripsit.

466 3005 682 3063 commoditate.
696 3006 732 3060 Il.
749 3023 773 3060 e.
794 3015 862 3079 apta
875 3005 1071 3060 membrorum
1084 3001 1301 3078 compositione.

464 3099 531 3155 en.
550 3099 671 3153 LXXX.
688 3099 874 3154 Arundr'num.
889 3096 1090 3173 Alligabantur
1109 3095 1211 3152 femori
1225 3095 1365 3170 trurique
1381 3114 1468 3149 arnn-

425 3193 521 3257 dines,
539 3189 557 3244 i.
579 3207 603 3245 e.
619 3188 783 3246 fulcimenta
802 3190 912 3265 Lgner,
925 3207 976 3246 seu
997 3188 1171 3258 nrrmdinee,
1189 3207 1242 3263 per
1262 3189 1328 3245 lora
1341 3187 1471 3264 quaednrn

424 3287 527 3360 longa,
545 3282 603 3337 lata
621 3291 709 3359 atque
724 3283 850 3354 tenacia,
872 3301 937 3358 qun
957 3280 1058 3358 priscis
1070 3279 1188 3338 medicis
1201 3279 1395 3338 audiebantur
1412 3279 1471 3334 lu-

425 3379 525 3442 bente,
542 3373 664 3430 tucia..

467 3469 634 3524 Salutarem.
653 3467 718 3524 Scil.
739 3467 863 3526 indicem
885 3467 985 3544 pollici
1003 3465 1184 3544 proximum,
1198 3468 1239 3522 itu
1260 3465 1371 3523 dictum
1390 3483 1476 3533 sarie,

426 3561 509 3638 qnod
528 3579 564 3617 eo
582 3557 626 3615 ori
647 3560 765 3618 admoto
786 3580 817 3618 se
836 3559 956 3618 invicem
973 3561 1147 3626 saturarem,·
1165 3558 1224 3615 sive
1245 3559 1296 3614 illo
1318 3577 1352 3614 ae
1372 3555 1478 3631 pollici

426 3652 577 3711 contructis
590 3651 621 3708 in
633 3673 723 3710 unum
742 3655 842 3712 osculo
855 3655 993 3731 impresso
1009 3654 1128 3709 salutern
1145 3661 1340 3728 precarentur.
1361 3652 1383 3707 F
1384 3669 1457 3706 run.
1471 3691 1480 3718 ‚

425 3748 532 3814 Blera,
551 3765 577 3818 1,
592 3765 639 3802 21.

466 3840 535 3897 Cur.
549 3839 687 3896 LXXXI.
711 3837 876 3896 Crmtabria.
890 3838 1060 3896 Cantabrico
1077 3836 1171 3908 bello,
1194 3836 1275 3913 gravi
1291 3835 1395 3892 morbo
1413 3835 1480 3889 im-

426 3929 542 4006 plicitus
557 3939 620 3988 est:
634 3929 708 4005 Dio,
723 3950 836 4008 Lu1,p.
853 3933 908 4000 514
925 3951 932 3987 t
948 3931 980 3994 liv
1000 3939 1085 4010 ἀπόρῳ
1104 3938 1267 3991 παντάπασιν
1285 3938 1380 4007 ἰγίνετο
1399 3955 1453 3988 ιιι
1471 3939 1484 3987 ὁ

428 4033 470 4101 μὲν
489 4033 517 4084 Ie
529 4051 558 4085 rt
572 4038 615 4085 roi
632 4033 746 4103 καμάτου
760 4032 802 4086 καὶ
820 4035 847 4086 ir
861 4039 908 4086 riu
924 4028 1057 4102 φροντίδων
1072 4031 1192 4094 νοσήσας,
1209 4032 1231 4090 te
1248 4030 1402 4100 Ταρῥάκωνα
1423 4029 1488 4080 ἀνι-

426 4125 533 4194 χύρησι,
551 4125 592 4184 tui
609 4129 659 4179 luti
675 4127 800 4198 ἧρῥῶστιι.
